{"amount": 0.1143, "date": 1695573824, "price": 7874.50198992, "tid": 5401126, "type": "sell"}
{"amount": 0.00534, "date": 1695573824, "price": 7871.21000001, "tid": 5401127, "type": "sell"}
{"amount": 0.031521, "date": 1695573878, "price": 7883.81, "tid": 5401128, "type": "buy"}
{"amount": 0.00551117, "date": 1695574133, "price": 7871.38000001, "tid": 5401129, "type": "sell"}
{"amount": 0.01875447, "date": 1695574251, "price": 7878.92070584, "tid": 5401130, "type": "buy"}
{"amount": 0.1383, "date": 1695574379, "price": 7869.90631004, "tid": 5401131, "type": "buy"}
{"amount": 0.00051218, "date": 1695574603, "price": 7868.01000001, "tid": 5401132, "type": "sell"}
{"amount": 0.01561414, "date": 1695574790, "price": 7886.28, "tid": 5401133, "type": "buy"}
{"amount": 0.00048845, "date": 1695574956, "price": 7868.00000002, "tid": 5401134, "type": "sell"}
{"amount": 0.03159914, "date": 1695575356, "price": 7875.71258209, "tid": 5401135, "type": "buy"}
{"amount": 0.00061566, "date": 1695575590, "price": 7878.4094261, "tid": 5401136, "type": "buy"}
{"amount": 0.18832238, "date": 1695575928, "price": 7886.2105976, "tid": 5401137, "type": "buy"}
{"amount": 0.01791854, "date": 1695576371, "price": 7881.98825821, "tid": 5401138, "type": "buy"}
{"amount": 0.01873416, "date": 1695577062, "price": 7887.46037965, "tid": 5401139, "type": "buy"}
{"amount": 0.3033, "date": 1695577643, "price": 7901.80376478, "tid": 5401140, "type": "buy"}
{"amount": 0.0294, "date": 1695577643, "price": 7903.36163911, "tid": 5401141, "type": "buy"}
{"amount": 0.5275, "date": 1695577687, "price": 7904.99999999, "tid": 5401142, "type": "buy"}
{"amount": 0.108, "date": 1695577689, "price": 7902.65971956, "tid": 5401143, "type": "buy"}
{"amount": 2.3649, "date": 1695577689, "price": 7905, "tid": 5401144, "type": "buy"}
{"amount": 0.092, "date": 1695577694, "price": 7903.16588997, "tid": 5401145, "type": "buy"}
{"amount": 0.6287, "date": 1695577694, "price": 7905, "tid": 5401146, "type": "buy"}
{"amount": 0.3623, "date": 1695577696, "price": 7905, "tid": 5401147, "type": "buy"}
{"amount": 1.9188, "date": 1695577699, "price": 7905, "tid": 5401148, "type": "buy"}
{"amount": 0.0964, "date": 1695577746, "price": 7905, "tid": 5401149, "type": "buy"}
{"amount": 0.63346, "date": 1695577815, "price": 7905, "tid": 5401150, "type": "buy"}
{"amount": 3, "date": 1695577816, "price": 7905, "tid": 5401151, "type": "buy"}
{"amount": 3, "date": 1695577818, "price": 7905, "tid": 5401152, "type": "buy"}
{"amount": 0.101, "date": 1695577821, "price": 7904.99999999, "tid": 5401153, "type": "buy"}
{"amount": 2.899, "date": 1695577821, "price": 7905, "tid": 5401154, "type": "buy"}
{"amount": 0.94632381, "date": 1695577852, "price": 7905, "tid": 5401155, "type": "buy"}
{"amount": 0.00596069, "date": 1695577852, "price": 7905, "tid": 5401156, "type": "buy"}
{"amount": 0.00119689, "date": 1695577852, "price": 7905, "tid": 5401157, "type": "buy"}
{"amount": 0.00015203, "date": 1695577852, "price": 7905.99118778, "tid": 5401158, "type": "buy"}
{"amount": 6.658e-05, "date": 1695577852, "price": 7905.99118778, "tid": 5401159, "type": "buy"}
{"amount": 8.545e-05, "date": 1695577854, "price": 7905.99118778, "tid": 5401160, "type": "buy"}
{"amount": 0.00491455, "date": 1695577854, "price": 7909.30931029, "tid": 5401161, "type": "buy"}
{"amount": 0.1881, "date": 1695577879, "price": 7913.83615283, "tid": 5401162, "type": "buy"}
{"amount": 0.02487346, "date": 1695578204, "price": 7920.89, "tid": 5401163, "type": "buy"}
{"amount": 0.15015639, "date": 1695578337, "price": 7912.55, "tid": 5401164, "type": "buy"}
{"amount": 0.02524726, "date": 1695578524, "price": 7921.65, "tid": 5401165, "type": "buy"}
{"amount": 0.00367398, "date": 1695578850, "price": 7921.37, "tid": 5401166, "type": "buy"}
{"amount": 0.00446911, "date": 1695579021, "price": 7921.36999999, "tid": 5401167, "type": "sell"}
{"amount": 0.01776568, "date": 1695579100, "price": 7921.36999999, "tid": 5401168, "type": "sell"}
{"amount": 0.00214393, "date": 1695579323, "price": 7920.00000001, "tid": 5401169, "type": "sell"}
{"amount": 0.00459003, "date": 1695579335, "price": 7921.36995, "tid": 5401170, "type": "buy"}
{"amount": 0.15151515, "date": 1695579351, "price": 7920, "tid": 5401171, "type": "sell"}
{"amount": 0.00449822, "date": 1695579425, "price": 7902.14093588, "tid": 5401172, "type": "sell"}
{"amount": 0.05635121, "date": 1695579617, "price": 7888.03472459, "tid": 5401173, "type": "sell"}
{"amount": 0.12704188, "date": 1695579676, "price": 7871.42000001, "tid": 5401174, "type": "sell"}
{"amount": 0.0054, "date": 1695579712, "price": 7868, "tid": 5401175, "type": "sell"}
{"amount": 0.0008, "date": 1695579712, "price": 7867.98, "tid": 5401176, "type": "sell"}
{"amount": 0.0056, "date": 1695579714, "price": 7867.98, "tid": 5401177, "type": "sell"}
{"amount": 0.00644405, "date": 1695579714, "price": 7866.17, "tid": 5401178, "type": "sell"}
{"amount": 0.00114249, "date": 1695579714, "price": 7860, "tid": 5401179, "type": "sell"}
{"amount": 0.012723, "date": 1695579714, "price": 7860, "tid": 5401180, "type": "sell"}
{"amount": 0.145, "date": 1695579714, "price": 7855.43387332, "tid": 5401181, "type": "sell"}
{"amount": 0.0254868, "date": 1695579714, "price": 7850, "tid": 5401182, "type": "sell"}
{"amount": 0.01274, "date": 1695579714, "price": 7850, "tid": 5401183, "type": "sell"}
{"amount": 0.0031, "date": 1695579714, "price": 7850, "tid": 5401184, "type": "sell"}
{"amount": 0.0353, "date": 1695579716, "price": 7855.08989159, "tid": 5401185, "type": "sell"}
{"amount": 0.00297526, "date": 1695579974, "price": 7870.69784546, "tid": 5401186, "type": "sell"}
{"amount": 0.00012724, "date": 1695580026, "price": 7865.37000002, "tid": 5401187, "type": "sell"}
{"amount": 0.00246257, "date": 1695580063, "price": 7878.74456435, "tid": 5401188, "type": "buy"}
{"amount": 0.1383, "date": 1695580203, "price": 7877.2044725, "tid": 5401189, "type": "sell"}
{"amount": 0.12692755, "date": 1695580325, "price": 7885.64999997, "tid": 5401190, "type": "buy"}
{"amount": 0.01372488, "date": 1695580348, "price": 7895.22, "tid": 5401191, "type": "buy"}
{"amount": 0.12487569, "date": 1695580393, "price": 7895.22, "tid": 5401192, "type": "buy"}
{"amount": 0.09540132, "date": 1695580550, "price": 7880.3742319, "tid": 5401193, "type": "sell"}
{"amount": 0.323648, "date": 1695580914, "price": 7893.35172172, "tid": 5401194, "type": "buy"}
{"amount": 0.00087571, "date": 1695581139, "price": 7884.83738699, "tid": 5401195, "type": "sell"}
{"amount": 0.38700603, "date": 1695581246, "price": 7895.82, "tid": 5401196, "type": "sell"}
{"amount": 0.00137305, "date": 1695581297, "price": 7885.69126472, "tid": 5401197, "type": "sell"}
{"amount": 0.00040539, "date": 1695581327, "price": 7893.61930056, "tid": 5401198, "type": "buy"}
{"amount": 0.00012289, "date": 1695581369, "price": 7893.61910053, "tid": 5401199, "type": "buy"}
{"amount": 0.06334732, "date": 1695581490, "price": 7892.9925624, "tid": 5401200, "type": "buy"}
{"amount": 0.05069708, "date": 1695582615, "price": 7890, "tid": 5401201, "type": "sell"}
{"amount": 0.12567934, "date": 1695582756, "price": 7877.9848184, "tid": 5401202, "type": "buy"}
{"amount": 0.1436, "date": 1695582906, "price": 7876.67100699, "tid": 5401203, "type": "sell"}
{"amount": 0.11416591, "date": 1695582989, "price": 7870.09, "tid": 5401204, "type": "sell"}
{"amount": 0.1404, "date": 1695583185, "price": 7864.03080783, "tid": 5401205, "type": "sell"}
{"amount": 0.00024763, "date": 1695583224, "price": 7855.0898, "tid": 5401206, "type": "sell"}
{"amount": 0.01906142, "date": 1695583433, "price": 7869.29473028, "tid": 5401207, "type": "buy"}
{"amount": 1.01830215, "date": 1695583628, "price": 7855.0898, "tid": 5401208, "type": "sell"}
{"amount": 0.00152551, "date": 1695584370, "price": 7866.20284252, "tid": 5401209, "type": "buy"}
{"amount": 0.01878479, "date": 1695584443, "price": 7866.20304257, "tid": 5401210, "type": "buy"}
{"amount": 0.03132129, "date": 1695584715, "price": 7862.86051105, "tid": 5401211, "type": "buy"}
{"amount": 0.00291268, "date": 1695584758, "price": 7858.98999294, "tid": 5401212, "type": "sell"}
{"amount": 0.00246557, "date": 1695585155, "price": 7869.16754526, "tid": 5401213, "type": "buy"}
{"amount": 0.03265204, "date": 1695585413, "price": 7866.44998934, "tid": 5401214, "type": "sell"}
{"amount": 0.1362, "date": 1695585547, "price": 7862.98245718, "tid": 5401215, "type": "sell"}
{"amount": 0.23881001, "date": 1695585547, "price": 7859.04989125, "tid": 5401216, "type": "sell"}
{"amount": 0.00741994, "date": 1695585939, "price": 7874.60584024, "tid": 5401217, "type": "buy"}
{"amount": 0.00273346, "date": 1695586061, "price": 7865.87655115, "tid": 5401218, "type": "sell"}
{"amount": 0.0033509, "date": 1695586110, "price": 7872.48968584, "tid": 5401219, "type": "buy"}
{"amount": 0.2578, "date": 1695586250, "price": 7862.06000002, "tid": 5401220, "type": "buy"}
{"amount": 0.687, "date": 1695586250, "price": 7862.06000002, "tid": 5401221, "type": "buy"}
{"amount": 0.11093887, "date": 1695586255, "price": 7863.17000001, "tid": 5401222, "type": "sell"}
{"amount": 0.00131198, "date": 1695586349, "price": 7874.77649111, "tid": 5401223, "type": "buy"}
{"amount": 0.00109463, "date": 1695586371, "price": 7874.77649111, "tid": 5401224, "type": "buy"}
{"amount": 1.26258361, "date": 1695586871, "price": 7874.21047149, "tid": 5401225, "type": "buy"}
{"amount": 0.00738429, "date": 1695586871, "price": 7874.94993803, "tid": 5401226, "type": "buy"}
{"amount": 0.00207869, "date": 1695586899, "price": 7867.71045508, "tid": 5401227, "type": "sell"}
{"amount": 0.1526, "date": 1695586936, "price": 7866.38979355, "tid": 5401228, "type": "sell"}
{"amount": 0.00153972, "date": 1695587089, "price": 7875.61995, "tid": 5401229, "type": "buy"}
{"amount": 0.1837, "date": 1695587218, "price": 7862.31000003, "tid": 5401230, "type": "buy"}
{"amount": 0.040854, "date": 1695587338, "price": 7877.14918694, "tid": 5401231, "type": "buy"}
{"amount": 0.00061515, "date": 1695587536, "price": 7885.01572636, "tid": 5401232, "type": "buy"}
{"amount": 0.02496499, "date": 1695588009, "price": 7891.84995, "tid": 5401233, "type": "buy"}
{"amount": 0.00633753, "date": 1695588299, "price": 7889.49989999, "tid": 5401234, "type": "buy"}
{"amount": 0.00582656, "date": 1695588460, "price": 7880, "tid": 5401235, "type": "sell"}
{"amount": 0.0015205, "date": 1695588732, "price": 7892.09995, "tid": 5401236, "type": "buy"}
{"amount": 0.3954, "date": 1695589263, "price": 7880.00000001, "tid": 5401237, "type": "buy"}
{"amount": 0.48332512, "date": 1695589446, "price": 7895.78989998, "tid": 5401238, "type": "sell"}
{"amount": 0.53165764, "date": 1695589446, "price": 7895.78989998, "tid": 5401239, "type": "sell"}
{"amount": 0.00038009, "date": 1695589742, "price": 7892.83397103, "tid": 5401240, "type": "buy"}
{"amount": 0.0014, "date": 1695589951, "price": 7883.97100277, "tid": 5401241, "type": "sell"}
{"amount": 0.02417344, "date": 1695590056, "price": 7881.44622797, "tid": 5401242, "type": "sell"}
{"amount": 0.1428, "date": 1695590116, "price": 7883.6294999, "tid": 5401243, "type": "sell"}
{"amount": 0.2574, "date": 1695590116, "price": 7880.00000001, "tid": 5401244, "type": "sell"}
{"amount": 0.02417344, "date": 1695590116, "price": 7880, "tid": 5401245, "type": "sell"}
{"amount": 0.01599758, "date": 1695590329, "price": 7881.50033161, "tid": 5401246, "type": "buy"}
{"amount": 0.02537588, "date": 1695590380, "price": 7881.49948142, "tid": 5401247, "type": "buy"}
{"amount": 0.00061542, "date": 1695590382, "price": 7881.49943142, "tid": 5401248, "type": "buy"}
{"amount": 0.01444031, "date": 1695590445, "price": 7879.9458824, "tid": 5401249, "type": "buy"}
{"amount": 0.01250218, "date": 1695590482, "price": 7879.42365227, "tid": 5401250, "type": "buy"}
{"amount": 0.00060882, "date": 1695590723, "price": 7867.48000001, "tid": 5401251, "type": "sell"}
{"amount": 0.02013972, "date": 1695591110, "price": 7876.77, "tid": 5401252, "type": "sell"}
{"amount": 0.00122973, "date": 1695591325, "price": 7888.71046958, "tid": 5401253, "type": "buy"}
{"amount": 0.00336693, "date": 1695591849, "price": 7876.77000001, "tid": 5401254, "type": "sell"}
{"amount": 0.00147487, "date": 1695591952, "price": 7893.03076913, "tid": 5401255, "type": "buy"}
{"amount": 0.00042287, "date": 1695592248, "price": 7892.80744136, "tid": 5401256, "type": "buy"}
{"amount": 0.43850703, "date": 1695592412, "price": 7892.80659117, "tid": 5401257, "type": "sell"}
{"amount": 0.5305935, "date": 1695592412, "price": 7892.80659117, "tid": 5401258, "type": "sell"}
{"amount": 0.03495171, "date": 1695592461, "price": 7891.68654114, "tid": 5401259, "type": "buy"}
{"amount": 0.00614634, "date": 1695592632, "price": 7891.68369048, "tid": 5401260, "type": "buy"}
{"amount": 0.00374927, "date": 1695592753, "price": 7891.68174008, "tid": 5401261, "type": "buy"}
{"amount": 0.1429, "date": 1695593592, "price": 7879.08546326, "tid": 5401262, "type": "sell"}
{"amount": 0.1334, "date": 1695593653, "price": 7879.60713354, "tid": 5401263, "type": "sell"}
{"amount": 0.27, "date": 1695593653, "price": 7875.66820681, "tid": 5401264, "type": "sell"}
{"amount": 0.151, "date": 1695593843, "price": 7874.45576133, "tid": 5401265, "type": "sell"}
{"amount": 0.01733056, "date": 1695593977, "price": 7872.27000002, "tid": 5401266, "type": "sell"}
{"amount": 0.39475999, "date": 1695594199, "price": 7880.94372229, "tid": 5401267, "type": "sell"}
{"amount": 0.00028919, "date": 1695594753, "price": 7883.01745125, "tid": 5401268, "type": "buy"}
{"amount": 0.04614172, "date": 1695594786, "price": 7877.59859418, "tid": 5401269, "type": "sell"}
{"amount": 0.00060284, "date": 1695595039, "price": 7870.01, "tid": 5401270, "type": "sell"}
{"amount": 0.00238448, "date": 1695595162, "price": 7884.30854972, "tid": 5401271, "type": "buy"}
{"amount": 0.0102751, "date": 1695595255, "price": 7881.56522102, "tid": 5401272, "type": "buy"}
{"amount": 0.1354, "date": 1695595270, "price": 7870.01000001, "tid": 5401273, "type": "buy"}
{"amount": 0.2525, "date": 1695595270, "price": 7870.01000001, "tid": 5401274, "type": "buy"}
{"amount": 0.6215, "date": 1695595270, "price": 7870.01000001, "tid": 5401275, "type": "buy"}
{"amount": 0.00012305, "date": 1695595365, "price": 7883.51894979, "tid": 5401276, "type": "buy"}
{"amount": 0.3755, "date": 1695595397, "price": 7870.01000001, "tid": 5401277, "type": "buy"}
{"amount": 0.1413, "date": 1695595397, "price": 7870.01000001, "tid": 5401278, "type": "buy"}
{"amount": 0.0721, "date": 1695595397, "price": 7870.01000001, "tid": 5401279, "type": "buy"}
{"amount": 0.2342, "date": 1695595524, "price": 7870.01000001, "tid": 5401280, "type": "buy"}
{"amount": 0.0492, "date": 1695595524, "price": 7870.01000001, "tid": 5401281, "type": "buy"}
{"amount": 0.0938, "date": 1695595524, "price": 7870.01000001, "tid": 5401282, "type": "buy"}
{"amount": 0.00063718, "date": 1695596058, "price": 7886.48234849, "tid": 5401283, "type": "buy"}
{"amount": 0.1513, "date": 1695596288, "price": 7888.70959991, "tid": 5401284, "type": "sell"}
{"amount": 0.1467, "date": 1695596349, "price": 7888.7095999, "tid": 5401285, "type": "sell"}
{"amount": 0.3035, "date": 1695596349, "price": 7888.36826374, "tid": 5401286, "type": "sell"}
{"amount": 0.1309, "date": 1695596472, "price": 7888.70869971, "tid": 5401287, "type": "sell"}
{"amount": 0.02369828, "date": 1695596515, "price": 7888.63275102, "tid": 5401288, "type": "sell"}
{"amount": 0.00122973, "date": 1695596520, "price": 7888.70809961, "tid": 5401289, "type": "buy"}
{"amount": 0.1468, "date": 1695596532, "price": 7888.46539372, "tid": 5401290, "type": "sell"}
{"amount": 0.0012, "date": 1695596532, "price": 7885, "tid": 5401291, "type": "sell"}
{"amount": 0.148, "date": 1695596550, "price": 7886.7462093, "tid": 5401292, "type": "sell"}
{"amount": 0.1307, "date": 1695596574, "price": 7883.79912609, "tid": 5401293, "type": "sell"}
{"amount": 0.01574856, "date": 1695596596, "price": 7878.75475967, "tid": 5401294, "type": "sell"}
{"amount": 0.00615925, "date": 1695597345, "price": 7875.14223336, "tid": 5401295, "type": "buy"}
{"amount": 0.00061592, "date": 1695597478, "price": 7875.14023296, "tid": 5401296, "type": "buy"}
{"amount": 0.52353924, "date": 1695597779, "price": 7863.81000001, "tid": 5401297, "type": "sell"}
{"amount": 0.00784057, "date": 1695597935, "price": 7865.43879256, "tid": 5401298, "type": "buy"}
{"amount": 0.00663424, "date": 1695597953, "price": 7865.43849249, "tid": 5401299, "type": "buy"}
{"amount": 0.02496482, "date": 1695598037, "price": 7866.99246934, "tid": 5401300, "type": "sell"}
{"amount": 0.02496482, "date": 1695598070, "price": 7863.81, "tid": 5401301, "type": "sell"}
{"amount": 0.01272518, "date": 1695598070, "price": 7855.744, "tid": 5401302, "type": "sell"}
{"amount": 4.35e-06, "date": 1695598085, "price": 7855.744, "tid": 5401303, "type": "sell"}
{"amount": 0.02539565, "date": 1695598085, "price": 7852.67671242, "tid": 5401304, "type": "sell"}
{"amount": 0.25540435, "date": 1695598087, "price": 7852.67671242, "tid": 5401305, "type": "sell"}
{"amount": 0.40289565, "date": 1695598087, "price": 7851.10151141, "tid": 5401306, "type": "sell"}
{"amount": 0.23700435, "date": 1695598088, "price": 7851.10151141, "tid": 5401307, "type": "sell"}
{"amount": 0.01848535, "date": 1695598088, "price": 7850, "tid": 5401308, "type": "sell"}
{"amount": 0.0069614, "date": 1695598088, "price": 7840.37, "tid": 5401309, "type": "sell"}
{"amount": 0.0075, "date": 1695598088, "price": 7840, "tid": 5401310, "type": "sell"}
{"amount": 0.06, "date": 1695598088, "price": 7833.66, "tid": 5401311, "type": "sell"}
{"amount": 0.0071, "date": 1695598088, "price": 7823, "tid": 5401312, "type": "sell"}
{"amount": 0.1085962, "date": 1695598088, "price": 7815.00000001, "tid": 5401313, "type": "sell"}
{"amount": 0.4537227, "date": 1695598088, "price": 7815, "tid": 5401314, "type": "sell"}
{"amount": 0.135, "date": 1695598114, "price": 7832.19793491, "tid": 5401315, "type": "sell"}
{"amount": 0.6657, "date": 1695598114, "price": 7826.70059518, "tid": 5401316, "type": "sell"}
{"amount": 0.0939, "date": 1695598130, "price": 7832.59197795, "tid": 5401317, "type": "sell"}
{"amount": 0.03379, "date": 1695598136, "price": 7828.2462707, "tid": 5401318, "type": "sell"}
{"amount": 0.00219228, "date": 1695598147, "price": 7836.79681888, "tid": 5401319, "type": "buy"}
{"amount": 0.01275451, "date": 1695598154, "price": 7834.73067655, "tid": 5401320, "type": "buy"}
{"amount": 0.1435, "date": 1695598281, "price": 7827.56141296, "tid": 5401321, "type": "buy"}
{"amount": 0.1433, "date": 1695598330, "price": 7835.05878256, "tid": 5401322, "type": "buy"}
{"amount": 0.00029311, "date": 1695598340, "price": 7843.85521313, "tid": 5401323, "type": "buy"}
{"amount": 0.3012, "date": 1695598414, "price": 7839.37625667, "tid": 5401324, "type": "buy"}
{"amount": 0.52850528, "date": 1695598414, "price": 7839.44844632, "tid": 5401325, "type": "buy"}
{"amount": 0.00063757, "date": 1695598419, "price": 7842.24423005, "tid": 5401326, "type": "buy"}
{"amount": 0.1412, "date": 1695598462, "price": 7832.23159647, "tid": 5401327, "type": "buy"}
{"amount": 0.00278887, "date": 1695598669, "price": 7838.27387296, "tid": 5401328, "type": "buy"}
{"amount": 0.14501113, "date": 1695598670, "price": 7838.27387296, "tid": 5401329, "type": "buy"}
{"amount": 0.1439, "date": 1695598731, "price": 7838.47825801, "tid": 5401330, "type": "buy"}
{"amount": 0.12770247, "date": 1695598731, "price": 7843.96321462, "tid": 5401331, "type": "buy"}
{"amount": 0.50455489, "date": 1695598731, "price": 7843.96321463, "tid": 5401332, "type": "buy"}
{"amount": 0.55289753, "date": 1695598731, "price": 7843.96321464, "tid": 5401333, "type": "buy"}
{"amount": 0.1215, "date": 1695598792, "price": 7839.5886125, "tid": 5401334, "type": "buy"}
{"amount": 0.1179, "date": 1695598857, "price": 7842.35899712, "tid": 5401335, "type": "buy"}
{"amount": 0.1118, "date": 1695598920, "price": 7841.20959338, "tid": 5401336, "type": "buy"}
{"amount": 0.1533, "date": 1695598932, "price": 7833.46606434, "tid": 5401337, "type": "sell"}
{"amount": 0.0253, "date": 1695598932, "price": 7830.25, "tid": 5401338, "type": "sell"}
{"amount": 0.201, "date": 1695598932, "price": 7830.25, "tid": 5401339, "type": "sell"}
{"amount": 0.2711, "date": 1695598932, "price": 7829.54710184, "tid": 5401340, "type": "sell"}
{"amount": 0.02234015, "date": 1695598932, "price": 7827.97951684, "tid": 5401341, "type": "sell"}
{"amount": 0.1374, "date": 1695599053, "price": 7847.82523225, "tid": 5401342, "type": "buy"}
{"amount": 0.1315, "date": 1695599117, "price": 7847.1167766, "tid": 5401343, "type": "buy"}
{"amount": 0.1083, "date": 1695599237, "price": 7850.23292792, "tid": 5401344, "type": "buy"}
{"amount": 0.52985885, "date": 1695599237, "price": 7854.16999999, "tid": 5401345, "type": "buy"}
{"amount": 0.48168986, "date": 1695599237, "price": 7854.16999999, "tid": 5401346, "type": "buy"}
{"amount": 1.83345412, "date": 1695599237, "price": 7854.17, "tid": 5401347, "type": "buy"}
{"amount": 0.00283916, "date": 1695599303, "price": 7845.08322778, "tid": 5401348, "type": "buy"}
{"amount": 0.01, "date": 1695599381, "price": 7836.04559383, "tid": 5401349, "type": "sell"}
{"amount": 0.00455336, "date": 1695599571, "price": 7850.92999999, "tid": 5401350, "type": "buy"}
{"amount": 0.00035571, "date": 1695599795, "price": 7854.32999999, "tid": 5401351, "type": "buy"}
{"amount": 0.1422, "date": 1695599948, "price": 7843.01732585, "tid": 5401352, "type": "sell"}
{"amount": 0.238, "date": 1695599948, "price": 7839.09456244, "tid": 5401353, "type": "sell"}
{"amount": 0.01542128, "date": 1695600193, "price": 7829.64000001, "tid": 5401354, "type": "sell"}
{"amount": 0.00273705, "date": 1695600464, "price": 7844.18999999, "tid": 5401355, "type": "buy"}
{"amount": 0.00047228, "date": 1695600510, "price": 7833.27423519, "tid": 5401356, "type": "sell"}
{"amount": 0.00093086, "date": 1695600708, "price": 7824.58353207, "tid": 5401357, "type": "sell"}
{"amount": 0.00031569, "date": 1695600906, "price": 7835.87713786, "tid": 5401358, "type": "buy"}
{"amount": 0.00012755, "date": 1695600913, "price": 7840.00939654, "tid": 5401359, "type": "buy"}
{"amount": 0.00033874, "date": 1695600976, "price": 7846.73999994, "tid": 5401360, "type": "buy"}
{"amount": 0.149, "date": 1695601324, "price": 7824.78786607, "tid": 5401361, "type": "sell"}
{"amount": 0.1457, "date": 1695601364, "price": 7824.04125143, "tid": 5401362, "type": "sell"}
{"amount": 0.12784029, "date": 1695601364, "price": 7822.26000001, "tid": 5401363, "type": "sell"}
{"amount": 0.2908, "date": 1695601364, "price": 7820.12955397, "tid": 5401364, "type": "sell"}
{"amount": 0.01335971, "date": 1695601364, "price": 7818.57112355, "tid": 5401365, "type": "sell"}
{"amount": 0.12797, "date": 1695601380, "price": 7815, "tid": 5401366, "type": "sell"}
{"amount": 0.44982489, "date": 1695601385, "price": 7815, "tid": 5401367, "type": "sell"}
{"amount": 6.33, "date": 1695601385, "price": 7801.05, "tid": 5401368, "type": "sell"}
{"amount": 0.008, "date": 1695601385, "price": 7800, "tid": 5401369, "type": "sell"}
{"amount": 0.70886666, "date": 1695601385, "price": 7800, "tid": 5401370, "type": "sell"}
{"amount": 0.00641026, "date": 1695601385, "price": 7800, "tid": 5401371, "type": "sell"}
{"amount": 0.09367435, "date": 1695601385, "price": 7800, "tid": 5401372, "type": "sell"}
{"amount": 0.001, "date": 1695601385, "price": 7800, "tid": 5401373, "type": "sell"}
{"amount": 0.012821, "date": 1695601385, "price": 7800, "tid": 5401374, "type": "sell"}
{"amount": 0.03359438, "date": 1695601385, "price": 7800, "tid": 5401375, "type": "sell"}
{"amount": 0.005, "date": 1695601385, "price": 7800, "tid": 5401376, "type": "sell"}
{"amount": 0.00910256, "date": 1695601385, "price": 7800, "tid": 5401377, "type": "sell"}
{"amount": 0.12820512, "date": 1695601385, "price": 7800, "tid": 5401378, "type": "sell"}
{"amount": 27.06228581, "date": 1695601385, "price": 7800, "tid": 5401379, "type": "sell"}
{"amount": 1.4398, "date": 1695601386, "price": 7800, "tid": 5401380, "type": "sell"}
{"amount": 1.56, "date": 1695601387, "price": 7800, "tid": 5401381, "type": "sell"}
{"amount": 0.90386, "date": 1695601388, "price": 7800, "tid": 5401382, "type": "sell"}
{"amount": 2.4145, "date": 1695601393, "price": 7800, "tid": 5401383, "type": "sell"}
{"amount": 0.5855, "date": 1695601399, "price": 7808.38846742, "tid": 5401384, "type": "sell"}
{"amount": 0.12806999, "date": 1695601400, "price": 7808.38846742, "tid": 5401385, "type": "sell"}
{"amount": 0.12803999, "date": 1695601410, "price": 7807.13098636, "tid": 5401386, "type": "sell"}
{"amount": 0.06756001, "date": 1695601410, "price": 7807.13098636, "tid": 5401387, "type": "sell"}
{"amount": 0.4822, "date": 1695601410, "price": 7806.32604113, "tid": 5401388, "type": "sell"}
{"amount": 0.45879438, "date": 1695601410, "price": 7806.32604112, "tid": 5401389, "type": "sell"}
{"amount": 0.06574561, "date": 1695601410, "price": 7806.32604112, "tid": 5401390, "type": "sell"}
{"amount": 0.1315, "date": 1695601533, "price": 7815.22528118, "tid": 5401391, "type": "buy"}
{"amount": 0.12772524, "date": 1695601593, "price": 7823.0556324, "tid": 5401392, "type": "buy"}
{"amount": 0.1443, "date": 1695601595, "price": 7813.21488946, "tid": 5401393, "type": "buy"}
{"amount": 0.1477, "date": 1695601618, "price": 7813.27795884, "tid": 5401394, "type": "buy"}
{"amount": 0.00351781, "date": 1695601637, "price": 7817.35694561, "tid": 5401395, "type": "buy"}
{"amount": 0.151, "date": 1695601654, "price": 7815.79005001, "tid": 5401396, "type": "buy"}
{"amount": 0.2842, "date": 1695601654, "price": 7815.79005001, "tid": 5401397, "type": "buy"}
{"amount": 0.01378455, "date": 1695601710, "price": 7832.45999999, "tid": 5401398, "type": "buy"}
{"amount": 0.47069605, "date": 1695601780, "price": 7822.61932768, "tid": 5401399, "type": "buy"}
{"amount": 0.56954222, "date": 1695601780, "price": 7822.61932768, "tid": 5401400, "type": "buy"}
{"amount": 0.51776566, "date": 1695601780, "price": 7822.61932768, "tid": 5401401, "type": "buy"}
{"amount": 0.1472, "date": 1695601780, "price": 7822.61932768, "tid": 5401402, "type": "buy"}
{"amount": 0.1481, "date": 1695601940, "price": 7821.2608892, "tid": 5401403, "type": "buy"}
{"amount": 0.1328, "date": 1695602000, "price": 7825.61887152, "tid": 5401404, "type": "buy"}
{"amount": 0.1344, "date": 1695602065, "price": 7821.74422682, "tid": 5401405, "type": "buy"}
{"amount": 0.00248055, "date": 1695602122, "price": 7821.63, "tid": 5401406, "type": "buy"}
{"amount": 6.33, "date": 1695602202, "price": 7818.59, "tid": 5401407, "type": "buy"}
{"amount": 0.192, "date": 1695602339, "price": 7815.16, "tid": 5401408, "type": "sell"}
{"amount": 0.0013, "date": 1695602339, "price": 7815, "tid": 5401409, "type": "sell"}
{"amount": 0.00585498, "date": 1695602413, "price": 7811.76, "tid": 5401410, "type": "buy"}
{"amount": 0.00078264, "date": 1695602541, "price": 7808.91156405, "tid": 5401411, "type": "buy"}
{"amount": 0.1409, "date": 1695602741, "price": 7818.69312251, "tid": 5401412, "type": "sell"}
{"amount": 0.16277773, "date": 1695602741, "price": 7817.05341836, "tid": 5401413, "type": "sell"}
{"amount": 0.08254522, "date": 1695602746, "price": 7818.16457144, "tid": 5401414, "type": "sell"}
{"amount": 0.00074281, "date": 1695602910, "price": 7835.87133613, "tid": 5401415, "type": "buy"}
{"amount": 0.1532, "date": 1695603201, "price": 7833.34289765, "tid": 5401416, "type": "buy"}
{"amount": 0.1422, "date": 1695603262, "price": 7832.00179904, "tid": 5401417, "type": "buy"}
{"amount": 0.00396813, "date": 1695603310, "price": 7825.91247923, "tid": 5401418, "type": "sell"}
{"amount": 0.00254988, "date": 1695603410, "price": 7830.14390306, "tid": 5401419, "type": "sell"}
{"amount": 6.33, "date": 1695603420, "price": 7838.02, "tid": 5401420, "type": "buy"}
{"amount": 6.33, "date": 1695603610, "price": 7838.55, "tid": 5401421, "type": "buy"}
{"amount": 0.1401, "date": 1695603670, "price": 7840.12834205, "tid": 5401422, "type": "buy"}
{"amount": 1.16997299, "date": 1695603731, "price": 7846.28, "tid": 5401423, "type": "buy"}
{"amount": 2.85630673, "date": 1695603731, "price": 7848.13, "tid": 5401424, "type": "buy"}
{"amount": 1e-08, "date": 1695603794, "price": 7848.13, "tid": 5401425, "type": "buy"}
{"amount": 0.00037074, "date": 1695603833, "price": 7849.94024366, "tid": 5401426, "type": "buy"}
{"amount": 0.00668954, "date": 1695603900, "price": 7855.58687876, "tid": 5401427, "type": "buy"}
{"amount": 0.11749248, "date": 1695603916, "price": 7859.28, "tid": 5401428, "type": "buy"}
{"amount": 6.33, "date": 1695603916, "price": 7863.63, "tid": 5401429, "type": "buy"}
{"amount": 0.01016164, "date": 1695603929, "price": 7872.74, "tid": 5401430, "type": "buy"}
{"amount": 0.2481, "date": 1695604042, "price": 7858.07815184, "tid": 5401431, "type": "buy"}
{"amount": 0.00063438, "date": 1695604070, "price": 7881.6276, "tid": 5401432, "type": "buy"}
{"amount": 0.1342, "date": 1695604167, "price": 7869.94709822, "tid": 5401433, "type": "buy"}
{"amount": 0.2257, "date": 1695604167, "price": 7873.87865068, "tid": 5401434, "type": "buy"}
{"amount": 0.34029999, "date": 1695604167, "price": 7875.4494586, "tid": 5401435, "type": "buy"}
{"amount": 0.00369498, "date": 1695604226, "price": 7876.34724866, "tid": 5401436, "type": "buy"}
{"amount": 0.01112413, "date": 1695604237, "price": 7859.9341115, "tid": 5401437, "type": "sell"}
{"amount": 0.28876057, "date": 1695604354, "price": 7875.73, "tid": 5401438, "type": "buy"}
{"amount": 0.02568826, "date": 1695604485, "price": 7863.32305573, "tid": 5401439, "type": "sell"}
{"amount": 0.00246327, "date": 1695604550, "price": 7876.51, "tid": 5401440, "type": "buy"}
{"amount": 0.171, "date": 1695604571, "price": 7856.32000002, "tid": 5401441, "type": "buy"}
{"amount": 0.0899, "date": 1695604571, "price": 7856.32000002, "tid": 5401442, "type": "buy"}
{"amount": 0.09832659, "date": 1695604911, "price": 7868.65, "tid": 5401443, "type": "buy"}
{"amount": 0.128, "date": 1695605054, "price": 7868.16378011, "tid": 5401444, "type": "sell"}
{"amount": 0.2564, "date": 1695605054, "price": 7864.24861331, "tid": 5401445, "type": "sell"}
{"amount": 0.09147508, "date": 1695605054, "price": 7862.66000342, "tid": 5401446, "type": "sell"}
{"amount": 0.00142855, "date": 1695605302, "price": 7858.02000003, "tid": 5401447, "type": "sell"}
{"amount": 0.00088082, "date": 1695605980, "price": 7862.99369079, "tid": 5401448, "type": "sell"}
{"amount": 0.00032048, "date": 1695606193, "price": 7862.99, "tid": 5401449, "type": "sell"}
{"amount": 0.00131706, "date": 1695606193, "price": 7862.34367388, "tid": 5401450, "type": "sell"}
{"amount": 0.02002734, "date": 1695606220, "price": 7870.03977793, "tid": 5401451, "type": "buy"}
{"amount": 0.1419, "date": 1695606322, "price": 7862.6557323, "tid": 5401452, "type": "sell"}
{"amount": 0.1431, "date": 1695606382, "price": 7863.05528395, "tid": 5401453, "type": "sell"}
{"amount": 0.35430776, "date": 1695606382, "price": 7863.04632947, "tid": 5401454, "type": "sell"}
{"amount": 0.99383458, "date": 1695606443, "price": 7859.21848, "tid": 5401455, "type": "sell"}
{"amount": 0.00045304, "date": 1695606623, "price": 7855, "tid": 5401456, "type": "sell"}
{"amount": 0.1349, "date": 1695606623, "price": 7854.54848364, "tid": 5401457, "type": "sell"}
{"amount": 0.00231407, "date": 1695606737, "price": 7845.05159898, "tid": 5401458, "type": "sell"}
{"amount": 0.40763512, "date": 1695606817, "price": 7843.7, "tid": 5401459, "type": "sell"}
{"amount": 0.05874944, "date": 1695606817, "price": 7843.58010001, "tid": 5401460, "type": "sell"}
{"amount": 0.0030936, "date": 1695606922, "price": 7839.55023307, "tid": 5401461, "type": "buy"}
{"amount": 0.00126557, "date": 1695607217, "price": 7833.91337526, "tid": 5401462, "type": "buy"}
{"amount": 0.0015318, "date": 1695607220, "price": 7833.91337526, "tid": 5401463, "type": "buy"}
{"amount": 0.1444, "date": 1695607278, "price": 7828.51952182, "tid": 5401464, "type": "sell"}
{"amount": 1.92985669, "date": 1695607278, "price": 7828.43, "tid": 5401465, "type": "sell"}
{"amount": 0.1441, "date": 1695607379, "price": 7838.48085814, "tid": 5401466, "type": "sell"}
{"amount": 0.01205828, "date": 1695607478, "price": 7843.96186692, "tid": 5401467, "type": "buy"}
{"amount": 0.00134384, "date": 1695608719, "price": 7832.09393096, "tid": 5401468, "type": "sell"}
{"amount": 0.42505379, "date": 1695608872, "price": 7832.95000003, "tid": 5401469, "type": "buy"}
{"amount": 0.00214393, "date": 1695608930, "price": 7836.35321736, "tid": 5401470, "type": "sell"}
{"amount": 0.49100775, "date": 1695608943, "price": 7836.35321737, "tid": 5401471, "type": "buy"}
{"amount": 0.40579153, "date": 1695608943, "price": 7836.35321737, "tid": 5401472, "type": "buy"}
{"amount": 0.01214006, "date": 1695609420, "price": 7843.06526653, "tid": 5401473, "type": "buy"}
{"amount": 0.00214393, "date": 1695609533, "price": 7831.71834186, "tid": 5401474, "type": "sell"}
{"amount": 0.01283762, "date": 1695609866, "price": 7837.72257966, "tid": 5401475, "type": "sell"}
{"amount": 0.00034883, "date": 1695610031, "price": 7842.43607103, "tid": 5401476, "type": "buy"}
{"amount": 0.00032872, "date": 1695610691, "price": 7840.65511167, "tid": 5401477, "type": "sell"}
{"amount": 0.00509172, "date": 1695610758, "price": 7855.87736781, "tid": 5401478, "type": "buy"}
{"amount": 0.17662388, "date": 1695611649, "price": 7856.272582, "tid": 5401479, "type": "buy"}
{"amount": 0.36515108, "date": 1695612290, "price": 7841.55305001, "tid": 5401480, "type": "buy"}
{"amount": 0.40166619, "date": 1695612290, "price": 7841.55305001, "tid": 5401481, "type": "buy"}
{"amount": 0.44183281, "date": 1695612290, "price": 7841.55305001, "tid": 5401482, "type": "buy"}
{"amount": 0.00102575, "date": 1695612622, "price": 7842.23000001, "tid": 5401483, "type": "sell"}
{"amount": 0.00617394, "date": 1695612987, "price": 7856.40397915, "tid": 5401484, "type": "buy"}
{"amount": 0.59591951, "date": 1695613630, "price": 7845.45739001, "tid": 5401485, "type": "sell"}
{"amount": 0.64814552, "date": 1695613630, "price": 7845.45739, "tid": 5401486, "type": "sell"}
{"amount": 0.00451842, "date": 1695614162, "price": 7838.12001612, "tid": 5401487, "type": "sell"}
{"amount": 0.001, "date": 1695614478, "price": 7838.01, "tid": 5401488, "type": "sell"}
{"amount": 0.00057901, "date": 1695614927, "price": 7829.80624383, "tid": 5401489, "type": "sell"}
{"amount": 0.05595353, "date": 1695614991, "price": 7829.22000001, "tid": 5401490, "type": "sell"}
{"amount": 0.00105756, "date": 1695615281, "price": 7835.40000002, "tid": 5401491, "type": "sell"}
{"amount": 0.00012746, "date": 1695617292, "price": 7845.04249839, "tid": 5401492, "type": "buy"}
{"amount": 0.00012748, "date": 1695617438, "price": 7844.27557025, "tid": 5401493, "type": "buy"}
{"amount": 0.01447876, "date": 1695617532, "price": 7848.73638602, "tid": 5401494, "type": "buy"}
{"amount": 0.56617367, "date": 1695617666, "price": 7847.15000001, "tid": 5401495, "type": "sell"}
{"amount": 5.76382633, "date": 1695617666, "price": 7847.15, "tid": 5401496, "type": "sell"}
{"amount": 0.00061788, "date": 1695618705, "price": 7850.1304271, "tid": 5401497, "type": "buy"}
{"amount": 0.00046025, "date": 1695618860, "price": 7840.85000002, "tid": 5401498, "type": "sell"}
{"amount": 0.1294, "date": 1695619070, "price": 7841.18005852, "tid": 5401499, "type": "sell"}
{"amount": 0.54051625, "date": 1695619070, "price": 7840.85000001, "tid": 5401500, "type": "sell"}
{"amount": 6.2006, "date": 1695619070, "price": 7840.85, "tid": 5401501, "type": "sell"}
{"amount": 0.01499149, "date": 1695619561, "price": 7836.44441056, "tid": 5401502, "type": "buy"}
{"amount": 0.57073741, "date": 1695619780, "price": 7831.31526, "tid": 5401503, "type": "sell"}
{"amount": 0.51602156, "date": 1695620605, "price": 7836.54063786, "tid": 5401504, "type": "sell"}
{"amount": 0.62438609, "date": 1695620605, "price": 7836.54063786, "tid": 5401505, "type": "sell"}
{"amount": 0.002, "date": 1695621907, "price": 7830, "tid": 5401506, "type": "sell"}
{"amount": 0.0192014, "date": 1695621907, "price": 7828.66294673, "tid": 5401507, "type": "sell"}
{"amount": 0.00136292, "date": 1695622982, "price": 7829.56960097, "tid": 5401508, "type": "buy"}
{"amount": 0.48620325, "date": 1695623290, "price": 7822.0385152, "tid": 5401509, "type": "buy"}
{"amount": 0.44200296, "date": 1695623290, "price": 7822.0385152, "tid": 5401510, "type": "buy"}
{"amount": 0.53482358, "date": 1695623290, "price": 7822.0385152, "tid": 5401511, "type": "buy"}
{"amount": 0.1439, "date": 1695623539, "price": 7834.28277984, "tid": 5401512, "type": "buy"}
{"amount": 0.41327276, "date": 1695624980, "price": 7835.86954912, "tid": 5401513, "type": "buy"}
{"amount": 0.37570251, "date": 1695624980, "price": 7835.86954912, "tid": 5401514, "type": "buy"}
{"amount": 0.45460004, "date": 1695624980, "price": 7835.86954912, "tid": 5401515, "type": "buy"}
{"amount": 0.0443295, "date": 1695626407, "price": 7835.4137774, "tid": 5401516, "type": "sell"}
{"amount": 0.31934713, "date": 1695626768, "price": 7834.9254459, "tid": 5401517, "type": "buy"}
{"amount": 0.00042541, "date": 1695626871, "price": 7844.52998111, "tid": 5401518, "type": "buy"}
{"amount": 0.001414, "date": 1695627084, "price": 7830.84551929, "tid": 5401519, "type": "sell"}
{"amount": 0.00128129, "date": 1695627189, "price": 7836.21906202, "tid": 5401520, "type": "buy"}
{"amount": 0.00642, "date": 1695629486, "price": 7842.94832, "tid": 5401521, "type": "sell"}
{"amount": 0.00012352, "date": 1695629561, "price": 7853.50992123, "tid": 5401522, "type": "buy"}
{"amount": 0.00048515, "date": 1695631355, "price": 7832.54034586, "tid": 5401523, "type": "buy"}
{"amount": 0.00109289, "date": 1695631441, "price": 7832.44050199, "tid": 5401524, "type": "buy"}
{"amount": 0.02515387, "date": 1695631868, "price": 7832.58995, "tid": 5401525, "type": "buy"}
{"amount": 0.00054603, "date": 1695632859, "price": 7821.33714353, "tid": 5401526, "type": "sell"}
{"amount": 0.6014692, "date": 1695633258, "price": 7821.00285008, "tid": 5401527, "type": "sell"}
{"amount": 0.91039423, "date": 1695633258, "price": 7821.00285007, "tid": 5401528, "type": "sell"}
{"amount": 0.261, "date": 1695633258, "price": 7820.28000003, "tid": 5401529, "type": "sell"}
{"amount": 0.72777773, "date": 1695633258, "price": 7820.28000003, "tid": 5401530, "type": "sell"}
{"amount": 0.72777773, "date": 1695633258, "price": 7820.28000002, "tid": 5401531, "type": "sell"}
{"amount": 0.66161612, "date": 1695633258, "price": 7820.28000002, "tid": 5401532, "type": "sell"}
{"amount": 0.12765558, "date": 1695633258, "price": 7820.28000001, "tid": 5401533, "type": "sell"}
{"amount": 6.33, "date": 1695633258, "price": 7820.07, "tid": 5401534, "type": "sell"}
{"amount": 0.002, "date": 1695633258, "price": 7820, "tid": 5401535, "type": "sell"}
{"amount": 2.80030941, "date": 1695633259, "price": 7819, "tid": 5401536, "type": "buy"}
{"amount": 0.00018581, "date": 1695633279, "price": 7831.20195429, "tid": 5401537, "type": "buy"}
{"amount": 0.00050525, "date": 1695633895, "price": 7810.52035006, "tid": 5401538, "type": "sell"}
{"amount": 0.00332577, "date": 1695634678, "price": 7817.73263663, "tid": 5401539, "type": "buy"}
{"amount": 0.00012416, "date": 1695634973, "price": 7813.12060089, "tid": 5401540, "type": "buy"}
{"amount": 0.00186139, "date": 1695635124, "price": 7817.5387664, "tid": 5401541, "type": "buy"}
{"amount": 0.00248102, "date": 1695635481, "price": 7820.16484927, "tid": 5401542, "type": "buy"}
{"amount": 0.04851172, "date": 1695635661, "price": 7818.31939051, "tid": 5401543, "type": "sell"}
{"amount": 0.00145872, "date": 1695635880, "price": 7808.19, "tid": 5401544, "type": "sell"}
{"amount": 0.02394373, "date": 1695635880, "price": 7802.85000001, "tid": 5401545, "type": "sell"}
{"amount": 0.00160316, "date": 1695636031, "price": 7801.99, "tid": 5401546, "type": "sell"}
{"amount": 0.03042844, "date": 1695636035, "price": 7802.36864218, "tid": 5401547, "type": "sell"}
{"amount": 0.0537585, "date": 1695636245, "price": 7812.71794552, "tid": 5401548, "type": "buy"}
{"amount": 0.00117938, "date": 1695636403, "price": 7814.20109526, "tid": 5401549, "type": "buy"}
{"amount": 0.00221, "date": 1695636426, "price": 7801.99000002, "tid": 5401550, "type": "sell"}
{"amount": 0.00214393, "date": 1695636864, "price": 7803.81641957, "tid": 5401551, "type": "sell"}
{"amount": 0.12692366, "date": 1695636874, "price": 7823.59984997, "tid": 5401552, "type": "buy"}
{"amount": 0.0012787, "date": 1695637013, "price": 7820.38212832, "tid": 5401553, "type": "buy"}
{"amount": 0.06806061, "date": 1695637014, "price": 7820.38207831, "tid": 5401554, "type": "buy"}
{"amount": 0.43135994, "date": 1695637384, "price": 7807.24000002, "tid": 5401555, "type": "buy"}
{"amount": 0.52194552, "date": 1695637384, "price": 7807.24000002, "tid": 5401556, "type": "buy"}
{"amount": 0.47449593, "date": 1695637384, "price": 7807.24000002, "tid": 5401557, "type": "buy"}
{"amount": 0.06297948, "date": 1695637533, "price": 7820.80079941, "tid": 5401558, "type": "buy"}
{"amount": 0.05041012, "date": 1695637689, "price": 7819.81790136, "tid": 5401559, "type": "buy"}
{"amount": 0.00095443, "date": 1695637766, "price": 7809.82015009, "tid": 5401560, "type": "sell"}
{"amount": 0.1517, "date": 1695638278, "price": 7817.76990769, "tid": 5401561, "type": "buy"}
{"amount": 0.20282286, "date": 1695638278, "price": 7821.23021424, "tid": 5401562, "type": "buy"}
{"amount": 0.01413652, "date": 1695638363, "price": 7821.75634476, "tid": 5401563, "type": "sell"}
{"amount": 0.02556969, "date": 1695638497, "price": 7816.1741889, "tid": 5401564, "type": "buy"}
{"amount": 0.00744616, "date": 1695638533, "price": 7816.91331611, "tid": 5401565, "type": "buy"}
{"amount": 0.00808579, "date": 1695638630, "price": 7820.02145236, "tid": 5401566, "type": "buy"}
{"amount": 0.25327107, "date": 1695638877, "price": 7818.50050901, "tid": 5401567, "type": "buy"}
{"amount": 0.00021323, "date": 1695638978, "price": 7815, "tid": 5401568, "type": "sell"}
{"amount": 0.03282455, "date": 1695639249, "price": 7822.98552595, "tid": 5401569, "type": "buy"}
{"amount": 0.01861652, "date": 1695639420, "price": 7815.00000001, "tid": 5401570, "type": "sell"}
{"amount": 0.25326906, "date": 1695639530, "price": 7818.56241692, "tid": 5401571, "type": "buy"}
{"amount": 0.0125995, "date": 1695639674, "price": 7818.56241692, "tid": 5401572, "type": "buy"}
{"amount": 0.00025548, "date": 1695639724, "price": 7822.04394324, "tid": 5401573, "type": "buy"}
{"amount": 0.00088707, "date": 1695640341, "price": 7819.20995, "tid": 5401574, "type": "buy"}
{"amount": 0.01258383, "date": 1695640377, "price": 7815, "tid": 5401575, "type": "sell"}
{"amount": 0.00223484, "date": 1695640608, "price": 7813.43624573, "tid": 5401576, "type": "buy"}
{"amount": 0.001, "date": 1695640616, "price": 7808.22, "tid": 5401577, "type": "sell"}
{"amount": 0.0030457, "date": 1695640650, "price": 7806.76801327, "tid": 5401578, "type": "buy"}
{"amount": 0.19139684, "date": 1695640780, "price": 7801.99, "tid": 5401579, "type": "sell"}
{"amount": 0.003, "date": 1695640840, "price": 7800, "tid": 5401580, "type": "sell"}
{"amount": 0.00435897, "date": 1695640840, "price": 7800, "tid": 5401581, "type": "sell"}
{"amount": 0.00124371, "date": 1695641212, "price": 7800.00000001, "tid": 5401582, "type": "buy"}
{"amount": 0.00038461, "date": 1695641298, "price": 7800.00000001, "tid": 5401583, "type": "buy"}
{"amount": 0.001, "date": 1695641370, "price": 7800, "tid": 5401584, "type": "sell"}
{"amount": 0.65117473, "date": 1695641370, "price": 7800, "tid": 5401585, "type": "sell"}
{"amount": 0.0986672, "date": 1695641540, "price": 7790.1, "tid": 5401586, "type": "sell"}
{"amount": 0.91513095, "date": 1695641540, "price": 7790.01, "tid": 5401587, "type": "sell"}
{"amount": 0.193, "date": 1695641540, "price": 7789.01, "tid": 5401588, "type": "sell"}
{"amount": 0.00059137, "date": 1695641583, "price": 7791.93812286, "tid": 5401589, "type": "buy"}
{"amount": 0.12101782, "date": 1695641710, "price": 7780.03, "tid": 5401590, "type": "sell"}
{"amount": 0.0015, "date": 1695641710, "price": 7780, "tid": 5401591, "type": "sell"}
{"amount": 1, "date": 1695641710, "price": 7780, "tid": 5401592, "type": "sell"}
{"amount": 0.00100514, "date": 1695641710, "price": 7780, "tid": 5401593, "type": "sell"}
{"amount": 0.00128388, "date": 1695641749, "price": 7788.87956504, "tid": 5401594, "type": "buy"}
{"amount": 0.00154065, "date": 1695641760, "price": 7788.87956504, "tid": 5401595, "type": "buy"}
{"amount": 0.0051593, "date": 1695641779, "price": 7779.77, "tid": 5401596, "type": "sell"}
{"amount": 0.1514, "date": 1695641895, "price": 7779.85413481, "tid": 5401597, "type": "sell"}
{"amount": 1.02829775, "date": 1695641895, "price": 7779.77, "tid": 5401598, "type": "sell"}
{"amount": 0.02584401, "date": 1695642003, "price": 7779.01, "tid": 5401599, "type": "sell"}
{"amount": 0.03441973, "date": 1695642074, "price": 7781.86083024, "tid": 5401600, "type": "sell"}
{"amount": 0.0092, "date": 1695642090, "price": 7787.33206104, "tid": 5401601, "type": "sell"}
{"amount": 0.005, "date": 1695642348, "price": 7787, "tid": 5401602, "type": "sell"}
{"amount": 0.67020552, "date": 1695642348, "price": 7783.99, "tid": 5401603, "type": "sell"}
{"amount": 0.15117497, "date": 1695642365, "price": 7790.71155856, "tid": 5401604, "type": "buy"}
{"amount": 0.00256715, "date": 1695642413, "price": 7790.71155856, "tid": 5401605, "type": "buy"}
{"amount": 0.00064178, "date": 1695642443, "price": 7790.71155856, "tid": 5401606, "type": "buy"}
{"amount": 0.01897037, "date": 1695642578, "price": 7789.25062537, "tid": 5401607, "type": "buy"}
{"amount": 0.02086813, "date": 1695642587, "price": 7788.97967885, "tid": 5401608, "type": "buy"}
{"amount": 0.00020782, "date": 1695642710, "price": 7795.33922855, "tid": 5401609, "type": "buy"}
{"amount": 0.007468, "date": 1695642890, "price": 7794.05022904, "tid": 5401610, "type": "buy"}
{"amount": 0.00119238, "date": 1695643084, "price": 7787.17, "tid": 5401611, "type": "sell"}
{"amount": 0.0011536, "date": 1695643108, "price": 7787.17, "tid": 5401612, "type": "sell"}
{"amount": 0.00012445, "date": 1695643167, "price": 7794.78110585, "tid": 5401613, "type": "buy"}
{"amount": 0.00891436, "date": 1695643289, "price": 7806.50199291, "tid": 5401614, "type": "buy"}
{"amount": 0.00019758, "date": 1695643362, "price": 7796.49477785, "tid": 5401615, "type": "sell"}
{"amount": 0.06337285, "date": 1695643440, "price": 7889.81390465, "tid": 5401616, "type": "buy"}
{"amount": 0.02561592, "date": 1695643496, "price": 7807.64218367, "tid": 5401617, "type": "buy"}
{"amount": 0.11589858, "date": 1695643603, "price": 7797.09674002, "tid": 5401618, "type": "sell"}
{"amount": 0.08668051, "date": 1695643720, "price": 7797.11674001, "tid": 5401619, "type": "sell"}
{"amount": 0.00822427, "date": 1695643751, "price": 7797.11674, "tid": 5401620, "type": "sell"}
{"amount": 0.15960246, "date": 1695643888, "price": 7797.11674, "tid": 5401621, "type": "sell"}
{"amount": 0.00428785, "date": 1695643899, "price": 7793.66904, "tid": 5401622, "type": "sell"}
{"amount": 0.38473883, "date": 1695643908, "price": 7797.48984998, "tid": 5401623, "type": "buy"}
{"amount": 0.02519576, "date": 1695643967, "price": 7793.66904, "tid": 5401624, "type": "sell"}
{"amount": 0.00412235, "date": 1695644274, "price": 7787.17, "tid": 5401625, "type": "sell"}
{"amount": 0.03687718, "date": 1695644284, "price": 7779.01000001, "tid": 5401626, "type": "sell"}
{"amount": 0.00498544, "date": 1695644363, "price": 7783.45872817, "tid": 5401627, "type": "buy"}
{"amount": 0.00885196, "date": 1695644413, "price": 7781.99245866, "tid": 5401628, "type": "sell"}
{"amount": 0.00936139, "date": 1695644674, "price": 7791.51000001, "tid": 5401629, "type": "sell"}
{"amount": 8.99019082, "date": 1695644713, "price": 7793.67, "tid": 5401630, "type": "buy"}
{"amount": 0.0204789, "date": 1695644853, "price": 7810.99178283, "tid": 5401631, "type": "buy"}
{"amount": 0.05104061, "date": 1695644878, "price": 7796.78956395, "tid": 5401632, "type": "sell"}
{"amount": 0.00399267, "date": 1695644907, "price": 7813.91250816, "tid": 5401633, "type": "buy"}
{"amount": 0.00039871, "date": 1695644914, "price": 7810.07782171, "tid": 5401634, "type": "buy"}
{"amount": 0.0068738, "date": 1695645055, "price": 7812.84, "tid": 5401635, "type": "sell"}
{"amount": 0.1227, "date": 1695645168, "price": 7801.35523872, "tid": 5401636, "type": "sell"}
{"amount": 0.00085, "date": 1695645168, "price": 7800, "tid": 5401637, "type": "sell"}
{"amount": 0.2845, "date": 1695645168, "price": 7797.53058086, "tid": 5401638, "type": "sell"}
{"amount": 0.50262798, "date": 1695645168, "price": 7797.53058085, "tid": 5401639, "type": "sell"}
{"amount": 0.01990275, "date": 1695645168, "price": 7796.23644007, "tid": 5401640, "type": "sell"}
{"amount": 0.00240213, "date": 1695645242, "price": 7805.57021356, "tid": 5401641, "type": "buy"}
{"amount": 0.00994538, "date": 1695645407, "price": 7803.41721355, "tid": 5401642, "type": "buy"}
{"amount": 0.02049919, "date": 1695645665, "price": 7796.23644004, "tid": 5401643, "type": "sell"}
{"amount": 0.03157596, "date": 1695645743, "price": 7799.44449812, "tid": 5401644, "type": "buy"}
{"amount": 0.0002, "date": 1695645814, "price": 7788, "tid": 5401645, "type": "sell"}
{"amount": 0.00329972, "date": 1695645814, "price": 7785.51466541, "tid": 5401646, "type": "sell"}
{"amount": 0.1328, "date": 1695645822, "price": 7795.8072431, "tid": 5401647, "type": "buy"}
{"amount": 0.0003254, "date": 1695645951, "price": 7792.71928459, "tid": 5401648, "type": "sell"}
{"amount": 0.1418, "date": 1695646022, "price": 7803.25530041, "tid": 5401649, "type": "buy"}
{"amount": 0.01280762, "date": 1695646168, "price": 7807.84780321, "tid": 5401650, "type": "buy"}
{"amount": 0.0090708, "date": 1695646243, "price": 7809.3092522, "tid": 5401651, "type": "buy"}
{"amount": 0.06610758, "date": 1695646344, "price": 7797.38618005, "tid": 5401652, "type": "sell"}
{"amount": 0.00284878, "date": 1695646461, "price": 7798.74, "tid": 5401653, "type": "sell"}
{"amount": 0.1332, "date": 1695646510, "price": 7807.14162384, "tid": 5401654, "type": "buy"}
{"amount": 0.00279247, "date": 1695646541, "price": 7798.74, "tid": 5401655, "type": "sell"}
{"amount": 0.01334284, "date": 1695646553, "price": 7795.65030015, "tid": 5401656, "type": "sell"}
{"amount": 0.01386558, "date": 1695646572, "price": 7806.37616874, "tid": 5401657, "type": "buy"}
{"amount": 0.00586092, "date": 1695646726, "price": 7803.03, "tid": 5401658, "type": "sell"}
{"amount": 0.00134656, "date": 1695646853, "price": 7816.32996796, "tid": 5401659, "type": "buy"}
{"amount": 0.00133714, "date": 1695647017, "price": 7805.33222755, "tid": 5401660, "type": "sell"}
{"amount": 0.00191804, "date": 1695647041, "price": 7820.45989997, "tid": 5401661, "type": "buy"}
{"amount": 0.1405, "date": 1695647090, "price": 7812.27383853, "tid": 5401662, "type": "buy"}
{"amount": 0.3013, "date": 1695647150, "price": 7816.70520478, "tid": 5401663, "type": "buy"}
{"amount": 0.19802, "date": 1695647252, "price": 7806.66, "tid": 5401664, "type": "sell"}
{"amount": 0.31146396, "date": 1695647287, "price": 7804.8, "tid": 5401665, "type": "sell"}
{"amount": 0.02555245, "date": 1695647379, "price": 7827.03803307, "tid": 5401666, "type": "buy"}
{"amount": 0.00708369, "date": 1695647567, "price": 7830.70193623, "tid": 5401667, "type": "buy"}
{"amount": 0.00127736, "date": 1695647699, "price": 7828.61325961, "tid": 5401668, "type": "buy"}
{"amount": 0.00265175, "date": 1695647856, "price": 7820.9551827, "tid": 5401669, "type": "sell"}
{"amount": 0.00111718, "date": 1695647858, "price": 7820.9551827, "tid": 5401670, "type": "sell"}
{"amount": 0.2553271, "date": 1695647864, "price": 7833.0892538, "tid": 5401671, "type": "buy"}
{"amount": 0.00123814, "date": 1695647870, "price": 7835.07999999, "tid": 5401672, "type": "buy"}
{"amount": 0.12438636, "date": 1695648041, "price": 7835.07999999, "tid": 5401673, "type": "buy"}
{"amount": 0.07587967, "date": 1695648050, "price": 7831.5665724, "tid": 5401674, "type": "sell"}
{"amount": 0.09969118, "date": 1695648063, "price": 7831.56662241, "tid": 5401675, "type": "sell"}
{"amount": 0.07767044, "date": 1695648526, "price": 7835.77, "tid": 5401676, "type": "buy"}
{"amount": 0.0141639, "date": 1695648944, "price": 7851.64995, "tid": 5401677, "type": "buy"}
{"amount": 0.02492138, "date": 1695649010, "price": 7843.23997087, "tid": 5401678, "type": "sell"}
{"amount": 0.011759, "date": 1695649154, "price": 7849.30303793, "tid": 5401679, "type": "buy"}
{"amount": 0.00388635, "date": 1695649345, "price": 7847.96706563, "tid": 5401680, "type": "buy"}
{"amount": 0.00046837, "date": 1695649412, "price": 7843.36280806, "tid": 5401681, "type": "sell"}
{"amount": 0.01912182, "date": 1695649461, "price": 7844.44, "tid": 5401682, "type": "buy"}
{"amount": 0.138, "date": 1695649463, "price": 7838.59595917, "tid": 5401683, "type": "sell"}
{"amount": 0.86212259, "date": 1695649463, "price": 7837.0033307, "tid": 5401684, "type": "sell"}
{"amount": 0.2773, "date": 1695649463, "price": 7834.67629571, "tid": 5401685, "type": "sell"}
{"amount": 0.52257741, "date": 1695649463, "price": 7833.61000008, "tid": 5401686, "type": "sell"}
{"amount": 0.00061844, "date": 1695649479, "price": 7843.05402314, "tid": 5401687, "type": "buy"}
{"amount": 0.00214393, "date": 1695649523, "price": 7837.32154856, "tid": 5401688, "type": "sell"}
{"amount": 0.00593707, "date": 1695649558, "price": 7843.04984997, "tid": 5401689, "type": "buy"}
{"amount": 0.00085236, "date": 1695649736, "price": 7848.77994994, "tid": 5401690, "type": "buy"}
{"amount": 0.0013, "date": 1695650003, "price": 7848, "tid": 5401691, "type": "sell"}
{"amount": 0.00211504, "date": 1695650003, "price": 7841.00062377, "tid": 5401692, "type": "sell"}
{"amount": 0.00745287, "date": 1695650305, "price": 7845.74558277, "tid": 5401693, "type": "sell"}
{"amount": 0.00163976, "date": 1695650351, "price": 7845.07790684, "tid": 5401694, "type": "sell"}
{"amount": 0.0111161, "date": 1695650363, "price": 7845.07805685, "tid": 5401695, "type": "sell"}
{"amount": 0.03818013, "date": 1695650379, "price": 7857.48995, "tid": 5401696, "type": "buy"}
{"amount": 0.00065503, "date": 1695650501, "price": 7849.22534288, "tid": 5401697, "type": "buy"}
{"amount": 0.16692883, "date": 1695650613, "price": 7839.19319418, "tid": 5401698, "type": "sell"}
{"amount": 0.003, "date": 1695650634, "price": 7836.53004999, "tid": 5401699, "type": "sell"}
{"amount": 0.00892526, "date": 1695650640, "price": 7842.90800645, "tid": 5401700, "type": "buy"}
{"amount": 0.555, "date": 1695650813, "price": 7841.59005, "tid": 5401701, "type": "sell"}
{"amount": 0.0125566, "date": 1695650814, "price": 7845.27401066, "tid": 5401702, "type": "buy"}
{"amount": 0.00370975, "date": 1695651050, "price": 7844.98980688, "tid": 5401703, "type": "buy"}
{"amount": 0.3082, "date": 1695651086, "price": 7838.52035008, "tid": 5401704, "type": "buy"}
{"amount": 0.02949055, "date": 1695651098, "price": 7839.6948646, "tid": 5401705, "type": "sell"}
{"amount": 0.139, "date": 1695651159, "price": 7838.52035009, "tid": 5401706, "type": "buy"}
{"amount": 0.2535, "date": 1695651159, "price": 7838.52035009, "tid": 5401707, "type": "buy"}
{"amount": 0.1418, "date": 1695651237, "price": 7838.52090018, "tid": 5401708, "type": "buy"}
{"amount": 0.7431, "date": 1695651237, "price": 7838.52090018, "tid": 5401709, "type": "buy"}
{"amount": 0.25289999, "date": 1695651237, "price": 7838.52090018, "tid": 5401710, "type": "buy"}
{"amount": 1.04131115, "date": 1695651286, "price": 7849.5546786, "tid": 5401711, "type": "buy"}
{"amount": 0.22372876, "date": 1695651286, "price": 7849.5547286, "tid": 5401712, "type": "buy"}
{"amount": 0.1269, "date": 1695651504, "price": 7848.29337504, "tid": 5401713, "type": "sell"}
{"amount": 0.00617933, "date": 1695651533, "price": 7849.5546786, "tid": 5401714, "type": "buy"}
{"amount": 0.00050375, "date": 1695651542, "price": 7840.67149956, "tid": 5401715, "type": "sell"}
{"amount": 0.0128, "date": 1695652014, "price": 7841.27000001, "tid": 5401716, "type": "sell"}
{"amount": 1.02350364, "date": 1695652039, "price": 7849.5546786, "tid": 5401717, "type": "buy"}
{"amount": 0.84676175, "date": 1695652039, "price": 7849.5547286, "tid": 5401718, "type": "buy"}
{"amount": 1.07032386, "date": 1695652039, "price": 7849.57244885, "tid": 5401719, "type": "buy"}
{"amount": 1.07335087, "date": 1695652039, "price": 7849.81083715, "tid": 5401720, "type": "buy"}
{"amount": 1.44431361, "date": 1695652039, "price": 7860.12999999, "tid": 5401721, "type": "buy"}
{"amount": 0.1373795, "date": 1695652039, "price": 7860.13, "tid": 5401722, "type": "buy"}
{"amount": 0.00064008, "date": 1695652209, "price": 7858.29, "tid": 5401723, "type": "sell"}
{"amount": 0.00498797, "date": 1695652209, "price": 7854.19525025, "tid": 5401724, "type": "sell"}
{"amount": 0.00271707, "date": 1695652237, "price": 7854.84260002, "tid": 5401725, "type": "buy"}
{"amount": 0.59989669, "date": 1695652279, "price": 7854.83116608, "tid": 5401726, "type": "sell"}
{"amount": 0.00084701, "date": 1695652353, "price": 7850.1003824, "tid": 5401727, "type": "sell"}
{"amount": 0.00635825, "date": 1695652407, "price": 7863.78827528, "tid": 5401728, "type": "buy"}
{"amount": 0.2534, "date": 1695652536, "price": 7860.4115012, "tid": 5401729, "type": "sell"}
{"amount": 0.00288072, "date": 1695653085, "price": 7863.24, "tid": 5401730, "type": "buy"}
{"amount": 0.0602609, "date": 1695653132, "price": 7852.55795408, "tid": 5401731, "type": "sell"}
{"amount": 0.0602609, "date": 1695653305, "price": 7860.77995, "tid": 5401732, "type": "buy"}
{"amount": 0.44355678, "date": 1695653305, "price": 7860.78, "tid": 5401733, "type": "buy"}
{"amount": 0.131, "date": 1695653343, "price": 7854.18436946, "tid": 5401734, "type": "sell"}
{"amount": 0.03122313, "date": 1695653469, "price": 7887.58, "tid": 5401735, "type": "buy"}
{"amount": 0.00060001, "date": 1695653659, "price": 7857.6, "tid": 5401736, "type": "buy"}
{"amount": 0.01272653, "date": 1695653813, "price": 7857.6, "tid": 5401737, "type": "buy"}
{"amount": 0.1268, "date": 1695653908, "price": 7854.69920292, "tid": 5401738, "type": "sell"}
{"amount": 0.0462914, "date": 1695653908, "price": 7849.14565548, "tid": 5401739, "type": "sell"}
{"amount": 0.01455189, "date": 1695653979, "price": 7848.57316501, "tid": 5401740, "type": "sell"}
{"amount": 0.2835, "date": 1695654018, "price": 7848.57386512, "tid": 5401741, "type": "buy"}
{"amount": 0.6566, "date": 1695654018, "price": 7848.57386512, "tid": 5401742, "type": "buy"}
{"amount": 0.13929999, "date": 1695654018, "price": 7848.57386512, "tid": 5401743, "type": "buy"}
{"amount": 0.00080194, "date": 1695654125, "price": 7862.89995, "tid": 5401744, "type": "buy"}
{"amount": 0.1274, "date": 1695654134, "price": 7859.1646141, "tid": 5401745, "type": "sell"}
{"amount": 0.00901241, "date": 1695654134, "price": 7853.66427464, "tid": 5401746, "type": "sell"}
{"amount": 0.0049472, "date": 1695654286, "price": 7868.07077696, "tid": 5401747, "type": "sell"}
{"amount": 0.1338, "date": 1695654425, "price": 7863.33993356, "tid": 5401748, "type": "sell"}
{"amount": 0.00214393, "date": 1695654502, "price": 7863.29884854, "tid": 5401749, "type": "sell"}
{"amount": 0.03814212, "date": 1695654525, "price": 7865.31989999, "tid": 5401750, "type": "buy"}
{"amount": 0.01206047, "date": 1695654610, "price": 7865.31999999, "tid": 5401751, "type": "sell"}
{"amount": 0.03609151, "date": 1695654658, "price": 7867.01576701, "tid": 5401752, "type": "sell"}
{"amount": 0.01251466, "date": 1695654726, "price": 7871.5642528, "tid": 5401753, "type": "buy"}
{"amount": 0.03572273, "date": 1695654769, "price": 7863.86576402, "tid": 5401754, "type": "sell"}
{"amount": 0.01251694, "date": 1695654773, "price": 7870.91781798, "tid": 5401755, "type": "buy"}
{"amount": 0.2, "date": 1695654869, "price": 7854.56599392, "tid": 5401756, "type": "sell"}
{"amount": 0.04055968, "date": 1695654994, "price": 7858.65164899, "tid": 5401757, "type": "sell"}
{"amount": 0.00228728, "date": 1695655013, "price": 7869.59305641, "tid": 5401758, "type": "buy"}
{"amount": 0.0119518, "date": 1695655085, "price": 7863.13798946, "tid": 5401759, "type": "sell"}
{"amount": 0.1128376, "date": 1695655139, "price": 7865.20978834, "tid": 5401760, "type": "sell"}
{"amount": 0.06254542, "date": 1695655167, "price": 7875.07694875, "tid": 5401761, "type": "buy"}
{"amount": 0.54097382, "date": 1695655282, "price": 7880, "tid": 5401762, "type": "buy"}
{"amount": 0.65, "date": 1695655343, "price": 7890, "tid": 5401763, "type": "buy"}
{"amount": 0.1074, "date": 1695655408, "price": 7895.50010001, "tid": 5401764, "type": "buy"}
{"amount": 0.00012287, "date": 1695655571, "price": 7895.07929776, "tid": 5401765, "type": "buy"}
{"amount": 0.00077786, "date": 1695655573, "price": 7884.36390025, "tid": 5401766, "type": "sell"}
{"amount": 0.00614361, "date": 1695655909, "price": 7895.18995, "tid": 5401767, "type": "buy"}
{"amount": 0.02892112, "date": 1695656056, "price": 7890.17820198, "tid": 5401768, "type": "sell"}
{"amount": 0.003, "date": 1695656092, "price": 7890.17880203, "tid": 5401769, "type": "sell"}
{"amount": 0.05720925, "date": 1695656093, "price": 7890.17880204, "tid": 5401770, "type": "sell"}
{"amount": 0.1462, "date": 1695656140, "price": 7898.51544053, "tid": 5401771, "type": "sell"}
{"amount": 0.2845, "date": 1695656140, "price": 7894.58265583, "tid": 5401772, "type": "sell"}
{"amount": 0.02675855, "date": 1695656140, "price": 7894.58265582, "tid": 5401773, "type": "sell"}
{"amount": 0.04989128, "date": 1695656339, "price": 7897.97181345, "tid": 5401774, "type": "buy"}
{"amount": 0.049963, "date": 1695656471, "price": 7910.81699281, "tid": 5401775, "type": "buy"}
{"amount": 0.01271751, "date": 1695656534, "price": 7905.69866436, "tid": 5401776, "type": "sell"}
{"amount": 0.1468, "date": 1695656975, "price": 7907.61637761, "tid": 5401777, "type": "sell"}
{"amount": 0.05, "date": 1695656975, "price": 7907.19, "tid": 5401778, "type": "sell"}
{"amount": 0.00343048, "date": 1695656992, "price": 7893.0205, "tid": 5401779, "type": "sell"}
{"amount": 0.00042679, "date": 1695657116, "price": 7893.84126755, "tid": 5401780, "type": "sell"}
{"amount": 0.00707225, "date": 1695657196, "price": 7900.98467113, "tid": 5401781, "type": "buy"}
{"amount": 0.02996698, "date": 1695657257, "price": 7893, "tid": 5401782, "type": "sell"}
{"amount": 0.00253354, "date": 1695657308, "price": 7894.06337014, "tid": 5401783, "type": "buy"}
{"amount": 0.1415, "date": 1695657358, "price": 7895.47096958, "tid": 5401784, "type": "sell"}
{"amount": 0.0004397, "date": 1695657395, "price": 7893, "tid": 5401785, "type": "sell"}
{"amount": 0.01107955, "date": 1695657509, "price": 7895.94858777, "tid": 5401786, "type": "buy"}
{"amount": 0.02666185, "date": 1695657557, "price": 7897.61747816, "tid": 5401787, "type": "buy"}
{"amount": 0.0010203, "date": 1695657575, "price": 7897.59787172, "tid": 5401788, "type": "buy"}
{"amount": 0.1428, "date": 1695657680, "price": 7902.0785261, "tid": 5401789, "type": "buy"}
{"amount": 0.4064, "date": 1695657777, "price": 7913.09030452, "tid": 5401790, "type": "buy"}
{"amount": 0.0982, "date": 1695657837, "price": 7923.94922833, "tid": 5401791, "type": "buy"}
{"amount": 1.02873251, "date": 1695657903, "price": 7930, "tid": 5401792, "type": "buy"}
{"amount": 0.00163768, "date": 1695657964, "price": 7938.01765133, "tid": 5401793, "type": "buy"}
{"amount": 0.015952, "date": 1695658218, "price": 7940.45906712, "tid": 5401794, "type": "sell"}
{"amount": 0.03230105, "date": 1695658221, "price": 7940.17428148, "tid": 5401795, "type": "sell"}
{"amount": 0.00305513, "date": 1695658261, "price": 7938.27, "tid": 5401796, "type": "buy"}
{"amount": 1.24441799, "date": 1695658287, "price": 7930.55650133, "tid": 5401797, "type": "buy"}
{"amount": 1.00417841, "date": 1695658681, "price": 7947, "tid": 5401798, "type": "buy"}
{"amount": 0.05995437, "date": 1695658755, "price": 7950, "tid": 5401799, "type": "buy"}
{"amount": 0.01, "date": 1695658755, "price": 7950, "tid": 5401800, "type": "buy"}
{"amount": 0.01604614, "date": 1695658765, "price": 7956.36305174, "tid": 5401801, "type": "buy"}
{"amount": 0.02511041, "date": 1695659141, "price": 7943.36995, "tid": 5401802, "type": "buy"}
{"amount": 0.01133796, "date": 1695659176, "price": 7930.37275, "tid": 5401803, "type": "sell"}
{"amount": 0.00448211, "date": 1695659176, "price": 7927.79399976, "tid": 5401804, "type": "sell"}
{"amount": 0.06288841, "date": 1695659457, "price": 7950.59, "tid": 5401805, "type": "buy"}
{"amount": 0.0078353, "date": 1695659529, "price": 7931.6221177, "tid": 5401806, "type": "sell"}
{"amount": 0.00183136, "date": 1695659897, "price": 7945.71169277, "tid": 5401807, "type": "buy"}
{"amount": 0.00024425, "date": 1695659914, "price": 7943.322192, "tid": 5401808, "type": "buy"}
{"amount": 0.5109, "date": 1695660079, "price": 7929.77000002, "tid": 5401809, "type": "buy"}
{"amount": 0.0938, "date": 1695660079, "price": 7929.77000002, "tid": 5401810, "type": "buy"}
{"amount": 0.2191, "date": 1695660079, "price": 7929.77000002, "tid": 5401811, "type": "buy"}
{"amount": 0.00167619, "date": 1695660147, "price": 7946.23995, "tid": 5401812, "type": "buy"}
{"amount": 0.00012208, "date": 1695660353, "price": 7946.23995, "tid": 5401813, "type": "buy"}
{"amount": 0.01861993, "date": 1695660378, "price": 7937.07451934, "tid": 5401814, "type": "sell"}
{"amount": 0.11490126, "date": 1695660403, "price": 7929.77321, "tid": 5401815, "type": "sell"}
{"amount": 0.02487, "date": 1695660417, "price": 7946.23995, "tid": 5401816, "type": "buy"}
{"amount": 0.1451, "date": 1695660637, "price": 7948.59705778, "tid": 5401817, "type": "sell"}
{"amount": 0.04414418, "date": 1695660696, "price": 7936.18465923, "tid": 5401818, "type": "sell"}
{"amount": 0.3622, "date": 1695660733, "price": 7927.18002003, "tid": 5401819, "type": "buy"}
{"amount": 0.0676, "date": 1695660733, "price": 7927.18002003, "tid": 5401820, "type": "buy"}
{"amount": 0.13299999, "date": 1695660733, "price": 7927.18002003, "tid": 5401821, "type": "buy"}
{"amount": 0.1296, "date": 1695660768, "price": 7944.69590631, "tid": 5401822, "type": "sell"}
{"amount": 0.04545244, "date": 1695660811, "price": 7942.32302067, "tid": 5401823, "type": "sell"}
{"amount": 0.1334, "date": 1695661057, "price": 7945.23468362, "tid": 5401824, "type": "sell"}
{"amount": 0.1381, "date": 1695661063, "price": 7941.44999999, "tid": 5401825, "type": "sell"}
{"amount": 0.2633, "date": 1695661063, "price": 7940.74422133, "tid": 5401826, "type": "sell"}
{"amount": 0.7229, "date": 1695661063, "price": 7939.1836469, "tid": 5401827, "type": "sell"}
{"amount": 0.0467, "date": 1695661063, "price": 7939.14047835, "tid": 5401828, "type": "sell"}
{"amount": 0.00028307, "date": 1695661063, "price": 7939.14047835, "tid": 5401829, "type": "sell"}
{"amount": 0.00061949, "date": 1695661226, "price": 7939.32196411, "tid": 5401830, "type": "buy"}
{"amount": 1.07606497, "date": 1695661708, "price": 7934.74534172, "tid": 5401831, "type": "buy"}
{"amount": 0.00159213, "date": 1695661921, "price": 7943.23, "tid": 5401832, "type": "buy"}
{"amount": 1.02838716, "date": 1695661990, "price": 7942.85, "tid": 5401833, "type": "buy"}
{"amount": 0.01364193, "date": 1695662073, "price": 7943.23, "tid": 5401834, "type": "buy"}
{"amount": 0.01281749, "date": 1695662075, "price": 7933.62010561, "tid": 5401835, "type": "sell"}
{"amount": 0.00643657, "date": 1695662165, "price": 7938.83555592, "tid": 5401836, "type": "sell"}
{"amount": 0.001662, "date": 1695662334, "price": 7943.19614831, "tid": 5401837, "type": "sell"}
{"amount": 0.5873, "date": 1695662491, "price": 7939.93, "tid": 5401838, "type": "buy"}
{"amount": 0.00037426, "date": 1695662587, "price": 7934.87778449, "tid": 5401839, "type": "sell"}
{"amount": 0.00021273, "date": 1695662633, "price": 7934.59, "tid": 5401840, "type": "buy"}
{"amount": 0.10957679, "date": 1695662759, "price": 7933.44223708, "tid": 5401841, "type": "buy"}
{"amount": 0.1466, "date": 1695662827, "price": 7927.66377749, "tid": 5401842, "type": "sell"}
{"amount": 0.01952583, "date": 1695662827, "price": 7922.11486277, "tid": 5401843, "type": "sell"}
{"amount": 0.135, "date": 1695662828, "price": 7926.91770609, "tid": 5401844, "type": "sell"}
{"amount": 0.05053014, "date": 1695662828, "price": 7923.03358528, "tid": 5401845, "type": "sell"}
{"amount": 0.05508269, "date": 1695663052, "price": 7925.23069138, "tid": 5401846, "type": "sell"}
{"amount": 0.01104, "date": 1695663508, "price": 7919.70824435, "tid": 5401847, "type": "sell"}
{"amount": 6.3, "date": 1695663563, "price": 7930.2, "tid": 5401848, "type": "buy"}
{"amount": 0.00050347, "date": 1695663669, "price": 7938.46, "tid": 5401849, "type": "buy"}
{"amount": 0.02361623, "date": 1695663685, "price": 7925.02876456, "tid": 5401850, "type": "sell"}
{"amount": 0.1333, "date": 1695663743, "price": 7924.63194345, "tid": 5401851, "type": "sell"}
{"amount": 0.00589006, "date": 1695663743, "price": 7921.56010003, "tid": 5401852, "type": "sell"}
{"amount": 0.1471, "date": 1695663754, "price": 7931.15813184, "tid": 5401853, "type": "buy"}
{"amount": 0.00012749, "date": 1695663907, "price": 7928.00074956, "tid": 5401854, "type": "sell"}
{"amount": 0.00111311, "date": 1695663947, "price": 7923.96005, "tid": 5401855, "type": "sell"}
{"amount": 0.03964248, "date": 1695664081, "price": 7923.40901378, "tid": 5401856, "type": "sell"}
{"amount": 0.00037018, "date": 1695664213, "price": 7940.28, "tid": 5401857, "type": "buy"}
{"amount": 0.042983, "date": 1695664227, "price": 7927.4297424, "tid": 5401858, "type": "sell"}
{"amount": 0.08738649, "date": 1695664228, "price": 7927.42974241, "tid": 5401859, "type": "sell"}
{"amount": 0.09127604, "date": 1695664336, "price": 7929.535577, "tid": 5401860, "type": "sell"}
{"amount": 0.1415, "date": 1695664347, "price": 7940.61248291, "tid": 5401861, "type": "buy"}
{"amount": 0.132, "date": 1695664599, "price": 7937.55553862, "tid": 5401862, "type": "buy"}
{"amount": 0.00488691, "date": 1695664689, "price": 7940.39480943, "tid": 5401863, "type": "buy"}
{"amount": 0.0062894, "date": 1695664871, "price": 7949.88272338, "tid": 5401864, "type": "buy"}
{"amount": 0.00023221, "date": 1695665104, "price": 7934.04328486, "tid": 5401865, "type": "sell"}
{"amount": 0.01401737, "date": 1695665111, "price": 7941.3076139, "tid": 5401866, "type": "buy"}
{"amount": 0.18087606, "date": 1695665150, "price": 7931.59000001, "tid": 5401867, "type": "sell"}
{"amount": 0.03175963, "date": 1695665254, "price": 7929.47000001, "tid": 5401868, "type": "sell"}
{"amount": 0.116, "date": 1695665479, "price": 7941.73849869, "tid": 5401869, "type": "buy"}
{"amount": 0.00867043, "date": 1695665479, "price": 7941.7384987, "tid": 5401870, "type": "buy"}
{"amount": 0.191813, "date": 1695665551, "price": 7929.64280376, "tid": 5401871, "type": "sell"}
{"amount": 0.016323, "date": 1695665594, "price": 7929.47000001, "tid": 5401872, "type": "sell"}
{"amount": 0.01889366, "date": 1695665679, "price": 7939.16879875, "tid": 5401873, "type": "buy"}
{"amount": 0.02020684, "date": 1695665745, "price": 7929.47000001, "tid": 5401874, "type": "sell"}
{"amount": 0.00395311, "date": 1695665793, "price": 7933.14929084, "tid": 5401875, "type": "sell"}
{"amount": 0.19164497, "date": 1695665824, "price": 7930.20000001, "tid": 5401876, "type": "sell"}
{"amount": 0.00879673, "date": 1695665921, "price": 7933.14000001, "tid": 5401877, "type": "sell"}
{"amount": 0.00105221, "date": 1695666177, "price": 7945.12387092, "tid": 5401878, "type": "buy"}
{"amount": 0.07146375, "date": 1695666228, "price": 7933.14000001, "tid": 5401879, "type": "sell"}
{"amount": 0.0002695, "date": 1695666257, "price": 7940.34418626, "tid": 5401880, "type": "buy"}
{"amount": 0.00465018, "date": 1695666324, "price": 7933.14000001, "tid": 5401881, "type": "sell"}
{"amount": 0.013688, "date": 1695666350, "price": 7940.34418626, "tid": 5401882, "type": "buy"}
{"amount": 0.01276598, "date": 1695666415, "price": 7933.14000001, "tid": 5401883, "type": "sell"}
{"amount": 0.0629705, "date": 1695666431, "price": 7940.22496984, "tid": 5401884, "type": "buy"}
{"amount": 0.00510736, "date": 1695666502, "price": 7933.14000001, "tid": 5401885, "type": "sell"}
{"amount": 1.98598619, "date": 1695666601, "price": 7933.14000001, "tid": 5401886, "type": "sell"}
{"amount": 1.1, "date": 1695666601, "price": 7933.14, "tid": 5401887, "type": "sell"}
{"amount": 0.00611061, "date": 1695666618, "price": 7937.82621897, "tid": 5401888, "type": "buy"}
{"amount": 0.02496909, "date": 1695666730, "price": 7926.9999, "tid": 5401889, "type": "sell"}
{"amount": 0.00389443, "date": 1695666730, "price": 7926.7, "tid": 5401890, "type": "sell"}
{"amount": 4.78, "date": 1695666730, "price": 7899.63007, "tid": 5401891, "type": "sell"}
{"amount": 0.68092272, "date": 1695666730, "price": 7899.63006002, "tid": 5401892, "type": "sell"}
{"amount": 0.00440435, "date": 1695667141, "price": 7930.77908505, "tid": 5401893, "type": "buy"}
{"amount": 0.06343991, "date": 1695667208, "price": 7922.49000002, "tid": 5401894, "type": "sell"}
{"amount": 0.00151182, "date": 1695667220, "price": 7937.41870367, "tid": 5401895, "type": "buy"}
{"amount": 0.003, "date": 1695667249, "price": 7927.99445434, "tid": 5401896, "type": "sell"}
{"amount": 0.0093938, "date": 1695667445, "price": 7939.41493837, "tid": 5401897, "type": "buy"}
{"amount": 0.00036277, "date": 1695667692, "price": 7942.12471155, "tid": 5401898, "type": "sell"}
{"amount": 0.00942143, "date": 1695667892, "price": 7949.07916619, "tid": 5401899, "type": "buy"}
{"amount": 0.012, "date": 1695667932, "price": 7932.47, "tid": 5401900, "type": "sell"}
{"amount": 0.1484, "date": 1695668022, "price": 7936.54341217, "tid": 5401901, "type": "sell"}
{"amount": 0.7516, "date": 1695668022, "price": 7932.64288317, "tid": 5401902, "type": "sell"}
{"amount": 0.14776511, "date": 1695668340, "price": 7929.3828351, "tid": 5401903, "type": "sell"}
{"amount": 0.0829166, "date": 1695668528, "price": 7931.27000002, "tid": 5401904, "type": "sell"}
{"amount": 0.26754536, "date": 1695668528, "price": 7931.27000001, "tid": 5401905, "type": "sell"}
{"amount": 0.00075039, "date": 1695668623, "price": 7929.27010001, "tid": 5401906, "type": "sell"}
{"amount": 0.00012485, "date": 1695668685, "price": 7927.84299712, "tid": 5401907, "type": "sell"}
{"amount": 0.00377875, "date": 1695668739, "price": 7939.12224969, "tid": 5401908, "type": "buy"}
{"amount": 0.00038256, "date": 1695668784, "price": 7936.9608105, "tid": 5401909, "type": "buy"}
{"amount": 0.00027861, "date": 1695668806, "price": 7923.25000001, "tid": 5401910, "type": "sell"}
{"amount": 0.02350407, "date": 1695668819, "price": 7923.25000001, "tid": 5401911, "type": "sell"}
{"amount": 0.11550635, "date": 1695669253, "price": 7920.73, "tid": 5401912, "type": "sell"}
{"amount": 0.00061168, "date": 1695669274, "price": 7929.76760544, "tid": 5401913, "type": "buy"}
{"amount": 0.00309666, "date": 1695669329, "price": 7935.19922215, "tid": 5401914, "type": "buy"}
{"amount": 0.05027365, "date": 1695669348, "price": 7923.95, "tid": 5401915, "type": "sell"}
{"amount": 0.35769476, "date": 1695669630, "price": 7933.09506976, "tid": 5401916, "type": "buy"}
{"amount": 0.00167496, "date": 1695669748, "price": 7925.86000002, "tid": 5401917, "type": "sell"}
{"amount": 0.03465086, "date": 1695670022, "price": 7924.48479331, "tid": 5401918, "type": "sell"}
{"amount": 0.0005, "date": 1695670459, "price": 7918.27, "tid": 5401919, "type": "sell"}
{"amount": 0.29585666, "date": 1695670459, "price": 7916.83059198, "tid": 5401920, "type": "sell"}
{"amount": 0.00012227, "date": 1695670618, "price": 7934.07665971, "tid": 5401921, "type": "buy"}
{"amount": 0.03465086, "date": 1695670636, "price": 7918.75030005, "tid": 5401922, "type": "sell"}
{"amount": 0.02646954, "date": 1695670710, "price": 7928.94333841, "tid": 5401923, "type": "buy"}
{"amount": 0.00305738, "date": 1695671075, "price": 7932.4286463, "tid": 5401924, "type": "buy"}
{"amount": 0.01239119, "date": 1695671168, "price": 7949.99964992, "tid": 5401925, "type": "buy"}
{"amount": 0.00677849, "date": 1695671494, "price": 7934.34, "tid": 5401926, "type": "buy"}
{"amount": 0.129, "date": 1695671548, "price": 7932.31220796, "tid": 5401927, "type": "buy"}
{"amount": 0.00030566, "date": 1695671556, "price": 7934.34, "tid": 5401928, "type": "buy"}
{"amount": 0.01104029, "date": 1695671595, "price": 7929.25293315, "tid": 5401929, "type": "sell"}
{"amount": 0.00054452, "date": 1695671802, "price": 7930.37151714, "tid": 5401930, "type": "sell"}
{"amount": 0.00676011, "date": 1695671814, "price": 7933.37517013, "tid": 5401931, "type": "sell"}
{"amount": 0.00038192, "date": 1695671855, "price": 7930.44681451, "tid": 5401932, "type": "sell"}
{"amount": 0.01137028, "date": 1695671902, "price": 7932.91501014, "tid": 5401933, "type": "sell"}
{"amount": 0.00125944, "date": 1695671903, "price": 7939.98999999, "tid": 5401934, "type": "buy"}
{"amount": 0.00065221, "date": 1695672017, "price": 7942.68, "tid": 5401935, "type": "buy"}
{"amount": 0.0057, "date": 1695672053, "price": 7934.15144458, "tid": 5401936, "type": "sell"}
{"amount": 0.00012216, "date": 1695672096, "price": 7940.96221919, "tid": 5401937, "type": "buy"}
{"amount": 0.1346, "date": 1695672141, "price": 7943.2227363, "tid": 5401938, "type": "buy"}
{"amount": 0.00174599, "date": 1695672191, "price": 7937.43005001, "tid": 5401939, "type": "sell"}
{"amount": 0.01239119, "date": 1695672199, "price": 7950, "tid": 5401940, "type": "buy"}
{"amount": 0.41332783, "date": 1695672202, "price": 7950, "tid": 5401941, "type": "buy"}
{"amount": 0.010959, "date": 1695672250, "price": 7947.34440031, "tid": 5401942, "type": "sell"}
{"amount": 0.11513953, "date": 1695672262, "price": 7960.24956705, "tid": 5401943, "type": "buy"}
{"amount": 0.0010971, "date": 1695672301, "price": 7958.12585341, "tid": 5401944, "type": "buy"}
{"amount": 0.1165, "date": 1695672345, "price": 7958.18211305, "tid": 5401945, "type": "buy"}
{"amount": 0.00115914, "date": 1695672492, "price": 7941.98532516, "tid": 5401946, "type": "sell"}
{"amount": 0.00012196, "date": 1695672633, "price": 7953.98528246, "tid": 5401947, "type": "buy"}
{"amount": 0.00194846, "date": 1695672711, "price": 7943.63059857, "tid": 5401948, "type": "sell"}
{"amount": 0.00415839, "date": 1695672717, "price": 7952.53, "tid": 5401949, "type": "buy"}
{"amount": 0.01473218, "date": 1695672778, "price": 7939.64162293, "tid": 5401950, "type": "sell"}
{"amount": 0.00824259, "date": 1695672830, "price": 7942.23025001, "tid": 5401951, "type": "sell"}
{"amount": 0.00024382, "date": 1695672962, "price": 7957.41523993, "tid": 5401952, "type": "buy"}
{"amount": 0.03825728, "date": 1695673310, "price": 7929.85000004, "tid": 5401953, "type": "sell"}
{"amount": 0.05581704, "date": 1695673364, "price": 7941.92846047, "tid": 5401954, "type": "buy"}
{"amount": 0.01240175, "date": 1695673554, "price": 7943.23096629, "tid": 5401955, "type": "buy"}
{"amount": 0.00185107, "date": 1695673577, "price": 7932.12020794, "tid": 5401956, "type": "sell"}
{"amount": 0.00110426, "date": 1695673605, "price": 7927.23889277, "tid": 5401957, "type": "sell"}
{"amount": 0.00224097, "date": 1695673640, "price": 7926.97000001, "tid": 5401958, "type": "sell"}
{"amount": 0.01405042, "date": 1695674367, "price": 7913.51000002, "tid": 5401959, "type": "sell"}
{"amount": 0.06762779, "date": 1695674376, "price": 7913.51000001, "tid": 5401960, "type": "sell"}
{"amount": 0.1443, "date": 1695674520, "price": 7919.20053361, "tid": 5401961, "type": "sell"}
{"amount": 0.10412083, "date": 1695674520, "price": 7915.24035683, "tid": 5401962, "type": "sell"}
{"amount": 0.00012239, "date": 1695674696, "price": 7925.70094274, "tid": 5401963, "type": "buy"}
{"amount": 0.00889319, "date": 1695674834, "price": 7915.74002204, "tid": 5401964, "type": "sell"}
{"amount": 0.01589691, "date": 1695675060, "price": 7909.86, "tid": 5401965, "type": "sell"}
{"amount": 0.10476453, "date": 1695675060, "price": 7909.84000001, "tid": 5401966, "type": "sell"}
{"amount": 0.00024508, "date": 1695675125, "price": 7916.53984882, "tid": 5401967, "type": "buy"}
{"amount": 0.00024496, "date": 1695675158, "price": 7920.43178703, "tid": 5401968, "type": "buy"}
{"amount": 0.017571, "date": 1695675206, "price": 7916.20682439, "tid": 5401969, "type": "buy"}
{"amount": 0.02541818, "date": 1695675240, "price": 7909.33171908, "tid": 5401970, "type": "sell"}
{"amount": 0.0030632, "date": 1695675469, "price": 7906.61041355, "tid": 5401971, "type": "sell"}
{"amount": 0.00049033, "date": 1695675510, "price": 7913.79012078, "tid": 5401972, "type": "buy"}
{"amount": 0.1306, "date": 1695675533, "price": 7905.33819938, "tid": 5401973, "type": "sell"}
{"amount": 0.20869582, "date": 1695675533, "price": 7905.33819937, "tid": 5401974, "type": "sell"}
{"amount": 0.00026483, "date": 1695675817, "price": 7912.18664349, "tid": 5401975, "type": "buy"}
{"amount": 0.222357, "date": 1695675990, "price": 7905.28, "tid": 5401976, "type": "sell"}
{"amount": 0.0091497, "date": 1695676243, "price": 7898.20015, "tid": 5401977, "type": "sell"}
{"amount": 0.01264724, "date": 1695676276, "price": 7906.859015, "tid": 5401978, "type": "buy"}
{"amount": 0.1277, "date": 1695676500, "price": 7899.86299204, "tid": 5401979, "type": "buy"}
{"amount": 0.00677591, "date": 1695676554, "price": 7910.36879635, "tid": 5401980, "type": "buy"}
{"amount": 0.00698738, "date": 1695676717, "price": 7909.48165845, "tid": 5401981, "type": "buy"}
{"amount": 0.00331108, "date": 1695677280, "price": 7910.61625584, "tid": 5401982, "type": "buy"}
{"amount": 0.06224003, "date": 1695677301, "price": 7913.71617023, "tid": 5401983, "type": "buy"}
{"amount": 0.00361382, "date": 1695677452, "price": 7901.58035005, "tid": 5401984, "type": "sell"}
{"amount": 0.00367689, "date": 1695677458, "price": 7915.10401971, "tid": 5401985, "type": "buy"}
{"amount": 0.12634238, "date": 1695677538, "price": 7914.9978582, "tid": 5401986, "type": "buy"}
{"amount": 0.02489304, "date": 1695677808, "price": 7914.66083885, "tid": 5401987, "type": "buy"}
{"amount": 0.2678, "date": 1695677815, "price": 7899.90000002, "tid": 5401988, "type": "sell"}
{"amount": 0.10152146, "date": 1695677815, "price": 7899.90000001, "tid": 5401989, "type": "sell"}
{"amount": 0.03243614, "date": 1695677964, "price": 7899.90010002, "tid": 5401990, "type": "sell"}
{"amount": 0.00022307, "date": 1695678108, "price": 7914.87610739, "tid": 5401991, "type": "buy"}
{"amount": 0.08264704, "date": 1695678294, "price": 7905.76716923, "tid": 5401992, "type": "sell"}
{"amount": 0.1116011, "date": 1695678390, "price": 7903.81157198, "tid": 5401993, "type": "sell"}
{"amount": 0.00122502, "date": 1695678393, "price": 7918.99329954, "tid": 5401994, "type": "buy"}
{"amount": 0.00198692, "date": 1695678674, "price": 7901.2771122, "tid": 5401995, "type": "sell"}
{"amount": 0.0001487, "date": 1695678775, "price": 7908.36995367, "tid": 5401996, "type": "buy"}
{"amount": 0.00012263, "date": 1695679107, "price": 7910.6459216, "tid": 5401997, "type": "buy"}
{"amount": 0.6326, "date": 1695679158, "price": 7902.83797001, "tid": 5401998, "type": "buy"}
{"amount": 0.1488, "date": 1695679158, "price": 7902.83797001, "tid": 5401999, "type": "buy"}
{"amount": 0.2934, "date": 1695679158, "price": 7902.83797001, "tid": 5402000, "type": "buy"}
{"amount": 0.00673933, "date": 1695679249, "price": 7917.02999999, "tid": 5402001, "type": "buy"}
{"amount": 0.00046339, "date": 1695679256, "price": 7906.92995656, "tid": 5402002, "type": "sell"}
{"amount": 0.025455, "date": 1695679333, "price": 7910.23614207, "tid": 5402003, "type": "sell"}
{"amount": 0.02746356, "date": 1695679368, "price": 7904.29731, "tid": 5402004, "type": "sell"}
{"amount": 0.06843538, "date": 1695679500, "price": 7917.02999999, "tid": 5402005, "type": "buy"}
{"amount": 0.1065, "date": 1695679674, "price": 7912.65999998, "tid": 5402006, "type": "buy"}
{"amount": 0.030866, "date": 1695679674, "price": 7912.65999999, "tid": 5402007, "type": "buy"}
{"amount": 0.06224834, "date": 1695679858, "price": 7912.66, "tid": 5402008, "type": "buy"}
{"amount": 0.00336424, "date": 1695680338, "price": 7910.62271837, "tid": 5402009, "type": "sell"}
{"amount": 0.00166906, "date": 1695680450, "price": 7918.58820029, "tid": 5402010, "type": "buy"}
{"amount": 0.0961, "date": 1695680535, "price": 7917.52870832, "tid": 5402011, "type": "buy"}
{"amount": 0.02459608, "date": 1695680577, "price": 7918.99329954, "tid": 5402012, "type": "buy"}
{"amount": 0.03013592, "date": 1695680577, "price": 7919.71, "tid": 5402013, "type": "buy"}
{"amount": 0.1250172, "date": 1695680769, "price": 7919.71, "tid": 5402014, "type": "buy"}
{"amount": 0.01054499, "date": 1695680847, "price": 7918.58000001, "tid": 5402015, "type": "sell"}
{"amount": 0.0064, "date": 1695681042, "price": 7918.58, "tid": 5402016, "type": "sell"}
{"amount": 0.01306051, "date": 1695681071, "price": 7919.70995, "tid": 5402017, "type": "buy"}
{"amount": 0.00534761, "date": 1695681219, "price": 7918.58, "tid": 5402018, "type": "sell"}
{"amount": 0.83450656, "date": 1695681553, "price": 7903.9356856, "tid": 5402019, "type": "buy"}
{"amount": 0.00061368, "date": 1695681559, "price": 7903.9356856, "tid": 5402020, "type": "buy"}
{"amount": 0.00245162, "date": 1695681606, "price": 7913.94082491, "tid": 5402021, "type": "buy"}
{"amount": 0.00119862, "date": 1695681776, "price": 7915.41074591, "tid": 5402022, "type": "buy"}
{"amount": 0.1864973, "date": 1695681877, "price": 7903.06147404, "tid": 5402023, "type": "sell"}
{"amount": 0.13140131, "date": 1695681921, "price": 7914.74085062, "tid": 5402024, "type": "buy"}
{"amount": 0.001, "date": 1695681953, "price": 7913.18432451, "tid": 5402025, "type": "buy"}
{"amount": 0.0012, "date": 1695681985, "price": 7899.93125, "tid": 5402026, "type": "sell"}
{"amount": 0.0012, "date": 1695682012, "price": 7917.11158319, "tid": 5402027, "type": "buy"}
{"amount": 0.0012, "date": 1695682031, "price": 7908.66198997, "tid": 5402028, "type": "sell"}
{"amount": 0.01540025, "date": 1695682115, "price": 7919.68720717, "tid": 5402029, "type": "buy"}
{"amount": 0.00126267, "date": 1695682134, "price": 7919.68720717, "tid": 5402030, "type": "buy"}
{"amount": 0.1295, "date": 1695682260, "price": 7910.20886635, "tid": 5402031, "type": "sell"}
{"amount": 0.2884, "date": 1695682260, "price": 7906.25336055, "tid": 5402032, "type": "sell"}
{"amount": 1.59845852, "date": 1695682260, "price": 7904.66409994, "tid": 5402033, "type": "sell"}
{"amount": 0.68929593, "date": 1695682260, "price": 7904.63093393, "tid": 5402034, "type": "sell"}
{"amount": 1.4797, "date": 1695682260, "price": 7893.43, "tid": 5402035, "type": "sell"}
{"amount": 2.49693343, "date": 1695682260, "price": 7893.42002, "tid": 5402036, "type": "sell"}
{"amount": 0.00251081, "date": 1695682553, "price": 7903.03, "tid": 5402037, "type": "sell"}
{"amount": 0.00125131, "date": 1695682616, "price": 7911.67792311, "tid": 5402038, "type": "buy"}
{"amount": 0.00151669, "date": 1695682854, "price": 7911.95999999, "tid": 5402039, "type": "buy"}
{"amount": 0.08917, "date": 1695682869, "price": 7902.30755543, "tid": 5402040, "type": "sell"}
{"amount": 0.01486737, "date": 1695683218, "price": 7902.26755705, "tid": 5402041, "type": "sell"}
{"amount": 0.09957419, "date": 1695683420, "price": 7914.49999999, "tid": 5402042, "type": "buy"}
{"amount": 0.00122593, "date": 1695683604, "price": 7913.1133408, "tid": 5402043, "type": "buy"}
{"amount": 0.06606738, "date": 1695683906, "price": 7900.92000001, "tid": 5402044, "type": "sell"}
{"amount": 0.00584061, "date": 1695684093, "price": 7916.10999999, "tid": 5402045, "type": "buy"}
{"amount": 0.00013731, "date": 1695684272, "price": 7912.4372716, "tid": 5402046, "type": "buy"}
{"amount": 0.037447, "date": 1695684329, "price": 7912.07992856, "tid": 5402047, "type": "buy"}
{"amount": 0.00058077, "date": 1695684414, "price": 7901.66070003, "tid": 5402048, "type": "sell"}
{"amount": 0.00480034, "date": 1695684544, "price": 7916.1, "tid": 5402049, "type": "buy"}
{"amount": 1.08452905, "date": 1695684709, "price": 7900.80000002, "tid": 5402050, "type": "buy"}
{"amount": 0.033722, "date": 1695685065, "price": 7915.58203705, "tid": 5402051, "type": "buy"}
{"amount": 0.00592592, "date": 1695685097, "price": 7901.06015001, "tid": 5402052, "type": "sell"}
{"amount": 0.14513814, "date": 1695685249, "price": 7904.56933434, "tid": 5402053, "type": "buy"}
{"amount": 0.00369161, "date": 1695685453, "price": 7902.88085833, "tid": 5402054, "type": "sell"}
{"amount": 0.00049298, "date": 1695685500, "price": 7900.57000001, "tid": 5402055, "type": "sell"}
{"amount": 0.00063306, "date": 1695685528, "price": 7913.88154391, "tid": 5402056, "type": "buy"}
{"amount": 0.00038156, "date": 1695685567, "price": 7914.81958277, "tid": 5402057, "type": "buy"}
{"amount": 0.6984, "date": 1695685657, "price": 7900.59000001, "tid": 5402058, "type": "buy"}
{"amount": 0.137, "date": 1695685657, "price": 7900.59000001, "tid": 5402059, "type": "buy"}
{"amount": 0.2364, "date": 1695685657, "price": 7900.59000001, "tid": 5402060, "type": "buy"}
{"amount": 0.01787955, "date": 1695685771, "price": 7910.15927549, "tid": 5402061, "type": "sell"}
{"amount": 0.00045955, "date": 1695685822, "price": 7916.1, "tid": 5402062, "type": "buy"}
{"amount": 0.131, "date": 1695685832, "price": 7914.20533415, "tid": 5402063, "type": "sell"}
{"amount": 0.2512, "date": 1695685832, "price": 7910.2500598, "tid": 5402064, "type": "sell"}
{"amount": 0.08332361, "date": 1695685832, "price": 7908.66731983, "tid": 5402065, "type": "sell"}
{"amount": 0.00735286, "date": 1695685987, "price": 7916.1, "tid": 5402066, "type": "buy"}
{"amount": 0.02039608, "date": 1695686003, "price": 7916.1, "tid": 5402067, "type": "buy"}
{"amount": 0.25736094, "date": 1695686203, "price": 7925.07984996, "tid": 5402068, "type": "buy"}
{"amount": 0.14117757, "date": 1695686285, "price": 7919.447497, "tid": 5402069, "type": "sell"}
{"amount": 0.03603023, "date": 1695686297, "price": 7918.51253696, "tid": 5402070, "type": "sell"}
{"amount": 0.6565, "date": 1695686314, "price": 7912.36629162, "tid": 5402071, "type": "sell"}
{"amount": 1.55910559, "date": 1695686314, "price": 7912.36629162, "tid": 5402072, "type": "sell"}
{"amount": 0.12630102, "date": 1695686314, "price": 7912.36629161, "tid": 5402073, "type": "sell"}
{"amount": 0.83569339, "date": 1695686314, "price": 7908.15, "tid": 5402074, "type": "sell"}
{"amount": 0.00172351, "date": 1695686337, "price": 7925.07974993, "tid": 5402075, "type": "buy"}
{"amount": 0.00024481, "date": 1695686366, "price": 7925.07934978, "tid": 5402076, "type": "buy"}
{"amount": 0.0065, "date": 1695686376, "price": 7921.05, "tid": 5402077, "type": "buy"}
{"amount": 0.11290967, "date": 1695686424, "price": 7905.23, "tid": 5402078, "type": "sell"}
{"amount": 0.0030662, "date": 1695686602, "price": 7909.60939662, "tid": 5402079, "type": "buy"}
{"amount": 0.020106, "date": 1695686620, "price": 7915.1804082, "tid": 5402080, "type": "buy"}
{"amount": 1.6714491, "date": 1695686705, "price": 7900.01001001, "tid": 5402081, "type": "buy"}
{"amount": 0.00104116, "date": 1695686743, "price": 7900.01017, "tid": 5402082, "type": "sell"}
{"amount": 0.15781204, "date": 1695686884, "price": 7905.19, "tid": 5402083, "type": "sell"}
{"amount": 0.037101, "date": 1695687116, "price": 7906.90987544, "tid": 5402084, "type": "sell"}
{"amount": 0.00271429, "date": 1695687143, "price": 7904.66998799, "tid": 5402085, "type": "sell"}
{"amount": 0.03936992, "date": 1695687190, "price": 7902.80000001, "tid": 5402086, "type": "sell"}
{"amount": 0.0003065, "date": 1695687312, "price": 7912.63456369, "tid": 5402087, "type": "buy"}
{"amount": 0.046034, "date": 1695687380, "price": 7911.63816303, "tid": 5402088, "type": "buy"}
{"amount": 0.00158856, "date": 1695687451, "price": 7900.01, "tid": 5402089, "type": "sell"}
{"amount": 0.00062401, "date": 1695687463, "price": 7913.02711248, "tid": 5402090, "type": "buy"}
{"amount": 0.00018966, "date": 1695687488, "price": 7908.6011181, "tid": 5402091, "type": "buy"}
{"amount": 0.00841144, "date": 1695687622, "price": 7900.01, "tid": 5402092, "type": "sell"}
{"amount": 0.0058856, "date": 1695687622, "price": 7897.42076001, "tid": 5402093, "type": "sell"}
{"amount": 0.2549, "date": 1695687700, "price": 7897.42103002, "tid": 5402094, "type": "buy"}
{"amount": 0.00070866, "date": 1695687778, "price": 7912.33501534, "tid": 5402095, "type": "buy"}
{"amount": 0.000505, "date": 1695688054, "price": 7914.45250088, "tid": 5402096, "type": "buy"}
{"amount": 0.00066878, "date": 1695688335, "price": 7905.48930438, "tid": 5402097, "type": "buy"}
{"amount": 0.08367465, "date": 1695688991, "price": 7892.06033, "tid": 5402098, "type": "sell"}
{"amount": 0.0012278, "date": 1695689035, "price": 7901.12320567, "tid": 5402099, "type": "buy"}
{"amount": 0.012575, "date": 1695689107, "price": 7901.97708531, "tid": 5402100, "type": "buy"}
{"amount": 0.02805989, "date": 1695690051, "price": 7891.13013, "tid": 5402101, "type": "sell"}
{"amount": 0.06233691, "date": 1695690457, "price": 7901.4170522, "tid": 5402102, "type": "buy"}
{"amount": 0.1259, "date": 1695690513, "price": 7895.19380768, "tid": 5402103, "type": "sell"}
{"amount": 0.2913, "date": 1695690513, "price": 7891.24567092, "tid": 5402104, "type": "sell"}
{"amount": 0.07542012, "date": 1695690513, "price": 7891.13, "tid": 5402105, "type": "sell"}
{"amount": 1.50737988, "date": 1695690513, "price": 7890.60002, "tid": 5402106, "type": "sell"}
{"amount": 0.06385044, "date": 1695690612, "price": 7899.31753175, "tid": 5402107, "type": "buy"}
{"amount": 0.06328, "date": 1695690643, "price": 7901.4170522, "tid": 5402108, "type": "buy"}
{"amount": 0.00196576, "date": 1695690672, "price": 7896.77637, "tid": 5402109, "type": "sell"}
{"amount": 0.00057044, "date": 1695690672, "price": 7901.4170522, "tid": 5402110, "type": "buy"}
{"amount": 0.133, "date": 1695690672, "price": 7905.99999999, "tid": 5402111, "type": "buy"}
{"amount": 0.0963, "date": 1695690672, "price": 7906, "tid": 5402112, "type": "buy"}
{"amount": 0.1326, "date": 1695690877, "price": 7909.604237, "tid": 5402113, "type": "buy"}
{"amount": 0.06321, "date": 1695690901, "price": 7914.5999112, "tid": 5402114, "type": "buy"}
{"amount": 0.00110456, "date": 1695690963, "price": 7921.92570694, "tid": 5402115, "type": "buy"}
{"amount": 0.00021536, "date": 1695691047, "price": 7905.97447693, "tid": 5402116, "type": "sell"}
{"amount": 0.01244995, "date": 1695691137, "price": 7912.4785276, "tid": 5402117, "type": "buy"}
{"amount": 0.000613, "date": 1695691154, "price": 7912.66821707, "tid": 5402118, "type": "buy"}
{"amount": 0.03735017, "date": 1695691402, "price": 7912.41264442, "tid": 5402119, "type": "buy"}
{"amount": 0.00527403, "date": 1695691663, "price": 7909.36984998, "tid": 5402120, "type": "buy"}
{"amount": 0.02530647, "date": 1695691825, "price": 7906.28882506, "tid": 5402121, "type": "sell"}
{"amount": 0.012571, "date": 1695692199, "price": 7907.02535266, "tid": 5402122, "type": "buy"}
{"amount": 0.01264698, "date": 1695692248, "price": 7907.02, "tid": 5402123, "type": "sell"}
{"amount": 0.00122688, "date": 1695692580, "price": 7907.02530265, "tid": 5402124, "type": "buy"}
{"amount": 0.028772, "date": 1695692607, "price": 7901.60061387, "tid": 5402125, "type": "sell"}
